3175 4825
307 406 412 496 ³292
533 392 841 472 commater.
880 415 939 470 ru
980 398 1149 476 Arion:

339 547 413 603 tum
431 551 511 602 eum
538 527 679 610 cundia,
699 525 736 598 dt
760 540 796 596 ut
820 521 878 594 sabi
901 543 1130 614 opportunum
1156 527 1263 598 suerat
1285 520 1343 592 ina

340 627 489 710 ruitum,
517 624 636 696 talibus
659 621 903 714 percun‘diattts
923 620 970 692 est
999 621 1166 699 Croesus:
1206 617 1344 710 Hospes

341 718 577 800 Atheniensis,
604 719 679 812 quia
700 719 825 792 multus
849 717 890 790 ad
911 741 972 790 nos
992 743 1110 792 rumor
1135 722 1177 796 de
1197 734 1230 790 te
1252 740 1344 790 ema·

339 819 463 900 navit,
496 816 542 889 ob
567 838 658 890 tuam
686 814 908 908 sapientiam,
941 812 1100 910 tuimque
1132 813 1344 890 discursatio·
1409 814 1414 825 “

340 938 445 998 nem,
470 917 527 1009 qui
551 909 815 1006 philosophando
837 913 1000 1005 permulta
1022 915 1157 986 videndi
1178 913 1283 1008 gratia
1309 933 1345 983 es

340 1015 588 1108 peregrinatus:
610 1009 686 1082 ideb
703 1010 787 1081 milti
807 1011 931 1100 cupido
951 1011 1076 1082 incedit
1095 1008 1272 1082 sciscitandi
1292 1026 1345 1091 te,

215 1115 229 1126 ’
340 1133 483 1203 ecquem
510 1105 617 1184 vidisli
642 1108 794 1178 omnium
822 1105 1066 1180 beatillimumi
1094 1107 1224 1202 sperans
1252 1104 1346 1177 vide·

340 1208 421 1279 licet
447 1204 479 1276 se
502 1205 587 1277 inter
610 1204 764 1275 homines
789 1201 1011 1275 beatissimum
1034 1201 1117 1287 else,
1143 1207 1185 1278 ita
1207 1201 1346 1274 sciscita-

340 1303 446 1377 batur.
487 1302 592 1375 Solon
613 1299 694 1370 nihil
716 1302 920 1378 admodum,
946 1299 1000 1370 sed
1024 1318 1061 1374 ut
1086 1325 1140 1372 res
1170 1320 1259 1384 erat,
1280 1297 1346 1370 tes·

342 1404 516 1493 pandens:
547 1401 625 1493 Ego
650 1395 731 1468 verb
754 1398 880 1488 inquit,
905 1396 1003 1478 Rex,
1026 1396 1095 1470 vidi
1120 1397 1347 1470 beatissimum

342 1499 485 1570 Tellum
502 1491 748 1566 Atheniensem.
787 1495 895 1586 Quod
909 1496 1034 1581 clidium
1050 1495 1227 1570 admiratus
1242 1493 1349 1583 Croe-

338 1592 398 1667 sus
422 1591 515 1664 inslat
549 1594 786 1688 interrogare.
818 1592 897 1682 Qua
925 1593 966 1662 de
990 1615 1026 1662 re
1051 1591 1191 1665 Tellum
1218 1593 1350 1684 judicas

338 1687 414 1762 'elle
433 1689 675 1763 beatisfimumi
710 1688 846 1778 Quod,
871 1689 998 1784 inquit,
1022 1689 1126 1761 Tello
1148 1692 1182 1758 in
1211 1687 1350 1780 Repub.

344 1787 432 1860 bene
455 1785 597 1860 instituta
622 1785 681 1857 filii
708 1789 798 1855 erant
825 1783 952 1856 honesli
973 1786 1008 1877 dt
1032 1784 1133 1866 boni,
1159 1784 1351 1879 eort'rmque

345 1882 481 1980 lingulis
499 1883 615 1964 liberi,
634 1883 736 1974 hique
758 1905 874 1953 omnes
898 1879 1101 1974 superstites:
1120 1881 1156 1956 dc
1180 1881 1260 1954 ciam
1281 1882 1350 1954 hoc

345 1983 424 2054 vitae
447 1986 605 2076 quantum
630 1979 663 2048 in
686 1974 781 2050 nobis
808 1977 904 2050 litum
931 1979 1001 2059 eli,
1023 1978 1109 2050 bene
1131 1980 1352 2063 traduxisset,

346 2077 459 2150 obitus
473 2073 743 2168 splendidillimus
760 2073 892 2169 obtigit.
919 2075 1089 2168 Siquidem
1105 2077 1241 2170 praelio,
1258 2079 1352 2170 quod

346 2171 565 2246 Athenienses
591 2195 669 2243 cum
685 2169 843 2244 'finitimis
869 2171 994 2267 gessere
1018 2176 1105 2264 apud
1134 2173 1350 2258 Eleusinem,

346 2269 402 2340 hic
428 2267 504 2372 crim
525 2267 653 2342 'auxilio
678 2265 834 2348 venisset,
859 2265 1056 2360 hoste'mque
1076 2269 1111 2338 in
1136 2270 1254 2366 fugam
1273 2295 1352 2342 ver·
1418 2321 1419 2398 q

347 2362 456 2442 tillet,
471 2363 727 2459 pulcherrimam
751 2365 891 2455 oppetiit
905 2384 1061 2439 mortem.
1104 2367 1220 2458 Quem
1243 2366 1352 2440 Athe·
1418 2407 1419 2477 t

309 2454 311 2466 '
348 2462 476 2535 nienses'
490 2487 557 2557 quo
576 2463 651 2534 loro
673 2460 897 2561 occubuerat,
920 2464 952 2535 in
975 2488 1016 2534 eo
1039 2464 1116 2535 loco
1135 2462 1266 2555 publici
1286 2465 1353 2538 hu·
1418 2486 1419 2525 l

348 2579 541 2642 mavemur,
555 2553 801 2653 magnificeque
815 2559 1028 2638 honorarunt.
1052 2561 1164 2632 Multa
1187 2564 1228 2633 de
1243 2562 1351 2635 Tello

350 2682 388 2729 ac
414 2656 508 2729 beata
531 2658 697 2729 referente
721 2656 845 2727 Solone
864 2658 1022 2732 excitatus
1043 2656 1182 2735 Croesus
1206 2658 1352 2729 interro·

350 2770 431 2848 gat,
461 2756 656 2845 Quemnam
680 2749 863 2825 secundum
895 2755 935 2827 ab
958 2752 1015 2823 illo
1039 2752 1198 2832 vidisset,
1233 2773 1354 2846 putans

302 2846 306 2854 ’
343 2851 437 2921 'hand
466 2848 566 2922 dubie
590 2848 745 2923 secundas
767 2848 800 2921 se
828 2868 933 2941 partes
956 2847 1019 2921 elle
1045 2850 1199 2923 laturum.
1243 2851 1353 2924 Cleo·
1418 2848 1419 2917 l

349 2946 408 3017 bin
433 2946 566 3039 (inquit
587 2945 667 3031 ille)
693 2945 728 3017 dt
754 2947 930 3019 Bitonem:
956 2946 1079 3037 quippe
1105 2947 1155 3017 his
1179 2948 1216 3022 dt
1240 2972 1354 3042 genus
1418 2926 1419 3013 l

350 3045 520 3136 Argivum
536 3063 628 3119 erat,
644 3042 822 3115 &vidium
842 3042 1076 3135 suppeditabat.
1112 3045 1169 3115 Ad
1182 3044 1253 3117 haec
1275 3070 1353 3118 cor·

334 3144 439 3234 'poris
475 3139 579 3211 robur
602 3137 762 3227 tantiam,
794 3139 891 3214 ut&
916 3139 949 3209 in
980 3140 1217 3214 certaminibus
1246 3144 1354 3216 ambo

348 3238 470 3329 pariter
493 3235 638 3308 vidiores
663 3235 850 3307 extiterint:
875 3233 912 3309 δι
937 3238 980 3308 de
999 3238 1040 3309 iis
1065 3236 1137 3310 haec
1156 3262 1354 3311 memorati·
1418 3320 1419 3331 χ

349 3350 412 3406 tur.
456 3330 549 3408 Ciam
578 3332 648 3405 dies
673 3331 771 3404 lellus
795 3332 937 3413 Junonis
957 3335 1047 3425 'apud
1072 3334 1221 3429 Argivos
1248 3334 1356 3421 esset,
1418 3398 1419 3423 2

350 3433 588 3523 oporterdtque
614 3429 755 3508 omnino
789 3447 930 3503 matrem
960 3428 1082 3505 horum
1111 3435 1152 3505 ad
1182 3434 1354 3525 templum
1418 3486 1419 3489 ,

349 3525 429 3598 ferri
460 3525 571 3599 bobus
602 3524 747 3619 junilii,
779 3520 884 3621 hique
910 3528 1015 3600 boves
1045 3551 1088 3601 etr
1114 3531 1202 3627 agris
1227 3530 1275 3601 eis
1308 3534 1352 3603 ad

349 3622 467 3693 horam
485 3621 604 3716 praelld
625 3647 693 3694 non
713 3620 833 3705 essent,
856 3642 935 3697 tunc
956 3622 1094 3715 juvenes
1117 3624 1238 3702 exclusi
1262 3644 1353 3699 tem·

336 3717 342 3736 ²
349 3741 435 3811 pore
457 3717 576 3813 jugum
594 3717 788 3799 subeuntes,
806 3719 984 3811 plaustrum
1006 3740 1256 3812 pertraxerunt,
1279 3750 1354 3821 quo

349 3833 457 3888 mater
480 3812 679 3888 vehebatur:
702 3812 739 3888 ἀ
758 3816 903 3909 quinque
924 3844 962 3890 ac
981 3822 1192 3916 quadraginta
1208 3846 1271 3917 per
1290 3824 1355 3903 sla·¹

205 3972 209 3982 .
350 3914 405 3983 dia
419 3908 580 3983 trahentes
599 3915 640 3987 ad
660 3911 822 4003 templum
838 3918 1068 4005 pervenerunt.
1113 3919 1248 4010 Quibus
1269 3918 1355 4001 etim

335 4008 421 4085 'haec
449 4005 619 4096 fecissent,
643 4006 745 4093 &ab
767 4010 861 4086 omui
885 4031 979 4094 coetu
1003 4012 1174 4111 conspedii
1191 4013 1356 4097 fuissent,

1252 4113 1356 4209 9:¹12
