3175 4825
384 384 1073 462 taurominitanum
1174 401 1250 483 159

247 498 354 582 dubius
376 527 543 602 praterea
569 509 674 584 veteri
711 508 923 602 proverbio,
946 513 1076 597 Daulia
1107 513 1251 586 carniae

245 611 324 699 qnod
346 609 385 676 in
410 608 562 702 garrulos
584 608 621 684 dt
648 631 789 682 canoros
814 609 953 690 dicitur,
981 609 1086 685 &de
1111 607 1248 686 luscinia

244 703 443 799 intelligitur.
493 706 657 792 Martialis
688 708 814 786 etiam,
842 724 879 780 ut
914 705 1021 780 llatim
1049 705 1249 800 subjiciam,

248 807 404 892 garrulam
423 801 515 874 illam
538 823 661 885 vocat,
686 805 838 896 quamvis
861 803 956 878 aliter
970 804 1122 900 intelligit
1142 822 1250 878 unns-

250 896 491 972 formationem.
531 901 657 972 Plinius
682 924 817 996 quoque
835 902 1009 997 garrulum
1028 922 1159 973 cantum
1183 899 1249 976 lus·

254 995 333 1067 ciniae
352 1015 468 1068 vocat·
483 995 537 1068 lib.
548 1017 603 1072 ιο.
620 1018 691 1093 cap.
699 1019 758 1090 29·
784 997 880 1070 Vide
896 999 1074 1094 adagium,
1089 997 1250 1086 Luscirtiae

251 1089 320 1188 dull
334 1096 457 1167 cantia.
482 1093 642 1166 Fabulam
659 1112 766 1166 narrat
780 1095 884 1167 Ovid.
895 1097 928 1170 6.
942 1096 1166 1190 Metamorpln
1195 1095 1251 1168 Ex
1347 1155 1357 1174 ,

251 1193 368 1264 Ouidio
389 1191 559 1264 tamenin
582 1193 648 1263 hoc
669 1191 746 1263 loco
768 1216 837 1263 non
858 1193 1000 1274 constat,
1023 1215 1099 1286 qun
1120 1190 1252 1266 illarum

246 1285 488 1376 inlulciniam,
511 1312 628 1381 quaeve
653 1290 687 1360 in
709 1289 922 1362 hirundinem
946 1289 983 1363 lit
1006 1285 1251 1362 transformata.

245 1388 289 1458 At
315 1387 354 1455 in
377 1409 411 1462 2.
437 1383 540 1482 Falla.
582 1388 754 1482 Prognem
786 1386 820 1457 in
847 1387 1061 1460 hirundinem
1085 1382 1252 1460 uansfor·

244 1501 367 1556 matam
390 1505 501 1565 canat,
1000 1527 1004 1538 ·

286 1581 470 1667 Fallitur,
494 1605 538 1652 an
559 1581 646 1654 verit
666 1581 852 1678 praenuntia
874 1583 964 1655 venit
991 1580 1155 1669 unedo,

338 1683 386 1752 Er
412 1682 546 1760 meruit,
573 1702 613 1748 ne
638 1701 701 1775 qun
727 1677 823 1766 verso
847 1702 993 1752 recurrat
1016 1681 1134 1777 hyems.

288 1780 386 1874 Saepe
409 1800 518 1850 tamen
542 1777 675 1871 Progne
699 1777 833 1848 nimium
854 1776 1036 1873 propernffe
1058 1776 1222 1870 quererist

267 1914 287 1964 e.
340 1875 472 1972 Virque
497 1894 553 1945 tuo
576 1872 699 1945 Tereus
716 1871 851 1971 frigore
878 1875 973 1946 laetur
998 1872 1073 1946 eric,
1162 1875 1170 1884 '

247 1969 409 2045 Martialis
434 1971 655 2044 Philomelam
676 1972 710 2042 in
736 1967 926 2046 Lusciniam
952 1982 1192 2044 commutatam
1212 1965 1259 2038 ait

247 2071 377 2164 lib.14.
405 2071 576 2167 Epigram.
899 2140 901 2145 ,
1136 2131 1140 2140 ,
1341 2085 1346 2092 ’

297 2169 367 2240 Flet
394 2165 574 2240 Philomela
600 2165 695 2260 nefor
720 2159 828 2256 incesti
851 2167 994 2243 Tereos:
1011 2165 1056 2248 θ’
1075 2190 1147 2266 qnae

352 2268 451 2336 Muta
473 2264 583 2358 puella
595 2261 690 2354 fuir,
710 2265 849 2362 garrula
866 2264 979 2358 fertur
1002 2269 1089 2340 avis.

254 2358 382 2431 Statius
403 2361 609 2435 hinaadinem
633 2361 766 2436 videtur
790 2363 928 2439 honere
954 2363 1006 2440 his
1031 2364 1200 2452 versibus,

355 2490 446 2511 ··-·-
465 2484 531 2531 non
565 2485 594 2533 tc
620 2457 802 2533 Philomela
821 2478 956 2555 penates
994 2499 998 2505 ·

177 2604 178 2615 ι
304 2554 428 2627 Circuit
440 2558 648 2653 ampledlenn
659 2556 860 2649 animaliaque
871 2561 906 2629 in
913 2559 1056 2654 pignora
1069 2557 1237 2649 transfert.

246 2652 395 2727 Marcus
411 2653 541 2739 Varro,
562 2654 748 2741 Luscinioln
773 2650 919 2746 (inquit)
945 2646 1029 2748 quid
1049 2650 1191 2725 latiensi
1208 2678 1260 2725 ca·

245 2774 331 2821 nere
355 2746 581 2844 existimatur,
606 2771 704 2845 arque
727 2748 783 2840 effe
811 2771 852 2818 err
874 2754 994 2822 Attica
1017 2753 1151 2848 Progne
1166 2748 1261 2841 falia

246 2848 341 2919 avis.
386 2848 533 2919 Ovidius
555 2849 595 2919 ad
612 2848 742 2919 Liviam
761 2846 803 2915 de
824 2865 933 2919 morte
950 2846 1053 2921 Drusi
1073 2845 1263 2921 Lusciniam
1301 2930 1307 2943 Ι

247 2942 439 3037 intelligit,
469 2948 525 3018 cui
553 2945 666 3031 tribuit
694 2942 828 3030 lilium,
857 2942 896 3018 bc
927 2945 961 3015 in
993 2944 1159 3019 umbrosis
1188 2944 1262 3039 syl-

177 3120 179 3131 y
249 3043 303 3111 vis
332 3044 535 3117 commorari
560 3044 658 3129 dicit,
688 3042 777 3116 unde
804 3041 928 3139 collige
957 3042 1041 3116 ltanc
1068 3062 1145 3117 ante
1166 3036 1263 3111 inille

177 3174 178 3179 κ
251 3138 446 3228 Prognem.

177 3180 179 3283 l
305 3236 404 3309 Talis
429 3226 463 3310 iri
485 3234 636 3331 umbralis
659 3239 746 3309 mltis
770 3260 856 3311 nune
877 3235 1013 3332 denique
1029 3232 1138 3332 sylvis

357 3334 469 3429 Deflet
491 3334 677 3408 Threicium
703 3336 847 3407 Daulias
874 3336 941 3405 aler
968 3338 1068 3427 Itym.

251 3426 403 3503 Gabrias
436 3434 535 3503 etiam
570 3434 712 3507 Graecus
740 3432 907 3505 fabulator
928 3431 1023 3524 Itym
1046 3425 1155 3501 filium
1189 3425 1268 3503 facie

252 3524 448 3607 Luscinia,
474 3532 563 3602 unde
586 3545 721 3620 apparet
736 3530 866 3601 rethur
892 3525 1064 3598 declaralle
1091 3524 1267 3609 Probum,

252 3625 364 3718 quam
388 3628 542 3701 Servium
564 3627 644 3698 illud
667 3625 805 3718 Virgilii
831 3648 964 3697 carmen
988 3646 1031 3695 ex
1052 3626 1177 3724 Ecloga
1195 3628 1229 3701 6.

310 3723 411 3817 Quas
434 3726 487 3797 illi
513 3724 699 3799 Philomela,
715 3722 839 3819 dapes,
864 3746 935 3817 quae
961 3719 1044 3793 dona
1066 3726 1208 3817 pararit.

251 3824 372 3917 Atqui
402 3818 531 3917 (inquit
559 3820 719 3911 Servius)
749 3822 884 3917 Progne
898 3816 1011 3911 fecie:
1034 3818 1095 3906 sed
1120 3821 1269 3912 ,aaaron

251 3923 423 4000 nornine,
450 3941 508 3991 aur
539 3920 590 3988 illi
620 3922 757 4017 impurae
786 3936 1043 4013 propterquam
1063 3913 1191 4005 fatiunt
1218 3910 1269 4006 est.

250 4015 401 4091 Probus
421 4037 533 4090 autern
554 4017 726 4113 Prognem
746 4018 781 4087 in
796 4012 986 4115 Lasciuium
1010 4012 1091 4084 dicit
1112 4007 1271 4081 transfor-

1137 4121 1269 4178 maiam·
