3175 4825
358 372 603 445 numm
640 367 891 475 Ennium
917 366 1108 451 exem·
1191 384 1305 473 ³555

486 564 1023 659 Qusnuus

406 743 787 826 Eunnsnn
855 736 1100 829 CXClX.

302 921 402 997 Grata
420 927 498 1003 Invi
516 920 559 1020 esi
581 950 734 1021 quernus,
752 924 808 1023 qui
832 947 890 995 nos
899 921 1077 1023 servatque
1088 924 1262 1029 snvnqueg

346 1024 500 1096 Servanti
524 1024 623 1095 civem
649 1048 772 1123 querna
799 1045 918 1095 corona
945 1027 1060 1098 datur.

626 1170 871 1242 'smum

300 1288 422 1371 Glande
446 1291 528 1365 aluit
556 1314 706 1371 veneres,
724 1292 799 1379 sula
825 1316 910 1365 nnnc
929 1287 1062 1391 prolicit
1087 1292 1216 1371 umbra:
1322 1381 1326 1389 ,

345 1390 401 1461 Sic
427 1413 549 1487 quoque
569 1388 620 1487 sm
648 1390 742 1463 arbos
771 1386 911 1483 officiosa
938 1393 1044 1469 Iovis.

345 1564 471 1637 Uersus
504 1565 615 1663 primb
649 1565 760 1640 salutis
793 1561 839 1635 eli
874 1562 1064 1637 emblema:
1096 1567 1172 1663 quia
1204 1568 1263 1663 qul

366 1663 559 1735 Romanum
585 1664 693 1735 civem
721 1666 753 1734 in
777 1660 867 1732 bello
895 1658 1065 1739 servabat,
1095 1689 1261 1738 coronam

252 1783 409 1851 quernam
437 1759 641 1853 accipiebat,
665 1785 739 1855 quae
761 1758 880 1834 Civica
903 1758 1097 1831 vocabatur.
1137 1759 1264 1835 causas

249 1855 357 1927 reddit
388 1856 581 1931 Plutarchus
608 1858 641 1927 in
666 1857 903 1953 problematis:
946 1852 1038 1947 quiid
1066 1856 1193 1949 ubique
1223 1860 1260 1946 in

248 1954 515 2043 expeditionibus
533 1954 629 2026 facile
643 1952 681 2025 sn
701 1975 862 2047 quercum
880 1949 1040 2023 invenire.
1083 1949 1151 2026 Vel
1170 1950 1263 2045 qubd

244 2045 327 2130 Jovi
351 2049 387 2127 dt
412 2052 558 2133 lunoni,
584 2076 666 2145 quos
689 2050 764 2137 urbi
790 2044 964 2143 praelidere
989 2046 1166 2142 putabant,
1193 2074 1262 2121 co·-

245 2170 330 2217 rnna
356 2149 542 2221 consecrata
566 2148 624 2223 est.
661 2148 730 2221 Vel
750 2169 825 2217 mos
848 2143 889 2215 ab
917 2144 1101 2217 Arcadibus
1127 2144 1174 2217 eli
1196 2170 1261 2218 ac-

244 2264 385 2335 ceptus,
410 2244 530 2340 quibus
556 2244 602 2317 est
621 2246 773 2339 quaedam
793 2264 873 2318 cum
896 2238 957 2311 hac
983 2244 1102 2314 arbore
1130 2266 1260 2338 mgna*

243 2340 307 2413 tio.
351 2342 398 2413 Ut
422 2344 514 2414 'enim
540 2344 637 2436 primi
661 2342 813 2414 homines
835 2362 878 2409 ex
901 2356 986 2411 terra
1013 2340 1183 2414 Arcades:
1212 2338 1259 2413 fic

240 2463 390 2532 quercus
415 2443 520 2532 prima
545 2465 588 2512 ex
610 2437 767 2512 omnibus
794 2435 911 2535 plantis
936 2458 1017 2511 nata.
1057 2437 1145 2510 Haec
1174 2439 1255 2510 Plu-

239 2535 390 2608 narchus.
428 2537 519 2610 Vide
542 2539 687 2610 Plinium
714 2537 770 2608 lib.
787 2537 843 2610 16·
873 2549 945 2624 cap.
964 2554 995 2622 3.
1023 2532 1063 2607 (7
1084 2554 1120 2619 4.
1160 2535 1256 2606 Vide

237 2635 426 2726 adagium,
452 2635 618 2724 Annosum
641 2634 785 2705 arborem
801 2627 1053 2726 transplantare.
1090 2631 1135 2699 Et
1157 2632 1261 2700 Mul-

237 2726 520 2824 torumlseflnrum
548 2732 641 2808 Jovis
660 2730 800 2826 glandes
817 2724 962 2798 comedit.
1011 2727 1168 2816 Quercus
1192 2728 1258 2806 Ju-

237 2828 275 2896 vi
306 2825 413 2903 sacra,
437 2828 470 2897 in
494 2851 533 2898 ea
559 2828 648 2898 enim
675 2825 808 2898 oracula
830 2825 865 2898 in
888 2823 1038 2896 Dodona
1063 2819 1156 2916 sylva
1179 2822 1259 2904 nedq'

236 2919 357 2995 debat.
396 2921 523 3020 Virgil.
538 2947 572 3000 2.
600 2924 748 3020 Georgic.

638 3083 864 3142 n'Lluu.

293 3191 424 3268 Glande
447 3193 567 3286 aluit.)
600 3189 757 3266 Secundi)
790 3210 932 3283 quercus
965 3183 1157 3281 symbolum
1194 3176 1273 3254 erit'

234 3289 354 3372 illius,
384 3292 441 3387 qui
468 3291 571 3363 multa
593 3293 688 3386 geffit
713 3291 866 3381 praeclara
891 3285 1049 3356 facinora.
1094 3281 1161 3351 Sed
1188 3278 1257 3370 jam

233 3389 383 3458 nomine
408 3387 534 3460 tantinm
557 3385 593 3460 δι
619 3388 707 3460 fama
738 3389 858 3465 durat,
885 3381 988 3477 qualis
1016 3377 1258 3486 describituri

233 3484 386 3586 Lucuno
426 3485 496 3560 Gn.
512 3487 693 3576 Pompeius
719 3481 753 3552 in
782 3503 822 3556 1.‘
846 3479 962 3568 anrs·
995 3481 1069 3554 sm
1103 3473 1259 3570 (iuquit)

232 3583 360 3684 magni
384 3584 521 3675 numinis
547 3583 679 3670 umbra,
703 3577 771 3658 &n
