3175 4825
356 442 599 520 Accion-1
634 413 885 524 ancien.
910 447 1108 526 CXLVII.
1184 469 1257 544 279

259 615 752 700 CONSILIARII
802 625 1245 715 PRINCIPUM.

374 790 795 876 ‘Euspena
866 789 1131 880 CXLVII.
1247 913 1250 920 Δ

297 973 445 1048 Heroum
465 977 615 1070 gendos,
637 973 680 1052 θ’
705 997 858 1071 magnum
885 971 994 1060 fertur
1014 973 1178 1048 Achillem

348 1074 390 1141 ln
403 1065 542 1163 stabulis
570 1073 692 1146 Chiron
718 1073 864 1164 erudiisse
884 1071 966 1160 suis.

298 1165 495 1258 Semisrrurn
517 1169 699 1254 doslorcm,
718 1173 760 1248 (a
775 1171 965 1259 semivirum
990 1169 1212 1259 Centaurum,

349 1263 493 1355 Affidect
519 1267 659 1363 quisquis
682 1271 835 1363 regibus,
859 1266 915 1357 effe
940 1270 1041 1338 decer.
1237 1268 1239 1278 ’

300 1355 358 1456 Est
374 1358 471 1448 fero,
496 1366 570 1435 dum
593 1364 695 1437 violat
710 1366 837 1452 socios,
860 1365 935 1434 dunt
955 1362 1094 1457 proterit
1117 1360 1237 1459 hostes:

351 1455 468 1554 Estque
487 1461 599 1545 horno,
623 1467 698 1535 dnm
711 1460 844 1557 fimular
858 1463 897 1550 se
918 1462 1037 1556 populo
1063 1461 1120 1554 effe
1134 1467 1237 1560 pium.

352 1633 389 1703 N
391 1636 432 1717 de
446 1631 615 1729 sumptum
628 1636 665 1710 fit
677 1638 867 1717 emblema,
882 1639 982 1708 docet
998 1635 1145 1711 Alciatus
1161 1641 1218 1712 lid.
1227 1645 1264 1732 95

368 1731 558 1829 Parcrgdm
577 1758 717 1832 cap.13.
748 1733 945 1814 Caeterhm,
967 1734 1093 1824 inquit,
1113 1736 1147 1805 in
1163 1740 1263 1812 Grae·

252 1831 301 1901 cis
324 1828 499 1902 autoribus
524 1835 678 1906 annotavi
700 1834 718 1904 'a
743 1831 894 1907 Chirone
915 1849 1072 1900 centauro
1094 1831 1264 1903 Achillem

252 1923 403 2020 alidsque
425 1951 548 2024 regum
570 1930 658 2002 filios
683 1932 830 2003 eruditos
853 1924 946 2000 fuisse
969 1925 1072 2021 fingi,
1098 1928 1191 2019 qudd
1212 1926 1265 1998 so·

250 2025 341 2096 leant
367 2027 522 2098 dodlores
543 2025 809 2121 consultoresque
831 2026 1021 2120 principum
1047 2045 1161 2095 natura
1187 2023 1264 2116 qui-

251 2124 334 2193 dem
358 2121 422 2192 seri
450 2121 589 2204 esse‚&
607 2138 803 2217 promptum
837 2126 878 2194 ad
905 2120 1067 2214 asperiora
1093 2121 1267 2217 ingenium
1303 2136 1307 2145 “
1416 2129 1419 2138 “

251 2219 405 2388 lsrabfere:
432 2217 675 2294 humanitatem
704 2222 787 2299 veri>
811 2221 845 2293 in
869 2219 1012 2314 speciem
1042 2217 1169 2292 tanthm
1198 2241 1267 2314 pru
1365 2214 1367 2218 ’

267 2343 287 2387 e
330 2341 413 2388 erre.

304 2419 351 2488 Ec
369 2438 521 2511 magnum
531 2414 679 2505 fertur.)
706 2415 854 2491 Achilles
878 2414 998 2487 dicitur
1021 2411 1111 2507 quali
1131 2411 1198 2487 sme
1216 2414 1268 2487 ci-

254 2510 327 2595 bo,
352 2514 395 2583 ab
421 2510 444 2583 ι’
471 2515 632 2605 privativa
657 2516 815 2606 particula
839 2512 875 2585 ὅ(
901 2515 987 2603 χιλὸς
1015 2514 1131 2592 cibus,
1160 2513 1266 2586 nutri·

257 2627 443 2681 mentum:
482 2609 641 2702 quoniam
674 2609 785 2701 primi>
820 2611 898 2681 aluit
932 2608 1062 2681 Chiron
1101 2608 1270 2680 Achillem

255 2706 446 2791 ursorum,
475 2708 644 2791 leonum,
677 2702 882 2795 alianimque
913 2704 1059 2777 serarum
1088 2705 1269 2777 medullis:
1309 2767 1313 2779 s

256 2806 378 2896 postea
402 2804 481 2875 nihil
506 2805 536 2875 ei
561 2804 716 2875 ciborum
743 2802 961 2895 porrigebat,
983 2799 1041 2873 nisa
1063 2799 1132 2893 ipse
1157 2801 1272 2871 Achil·

258 2905 307 2974 les
333 2923 510 2973 venaretur
536 2900 594 2971 fibi
624 2903 711 2972 setas
736 2898 856 2991 quibus
886 2896 1083 2970 vesceietur.
1124 2896 1204 2969 Hac
1230 2899 1273 2968 de

259 3002 357 3075 eausa
384 2997 592 3069 scribendum
615 3000 722 3071 suerat
739 2994 875 3067 Achiles
898 2994 1037 3087 simplici
1063 2995 1099 3071 l,
1133 2994 1177 3069 δὶ-
1193 2996 1274 3067 dua·

258 3096 325 3171 bus
347 3098 463 3188 primis
485 3094 820 3191 syllabisbtevibus,
843 3112 880 3163 ut
903 3092 949 3163 elt
973 3093 1061 3182 apud
1075 3090 1276 3162 Homerum
1396 3092 1415 3155 .’

260 3194 296 3265 in
320 3198 433 3287 primo
457 3190 554 3265 versu
575 3193 711 3264 Iliados.
759 3191 826 3262 Sed
852 3188 944 3261 idem
971 3189 1150 3259 Homerus
1174 3185 1274 3280 paullo

260 3292 401 3364 inferius
435 3288 529 3363 causa
557 3290 656 3361 metri
684 3286 865 3379 duplicavit
892 3286 923 3356 ll.
951 3288 1040 3358 unde
1075 3283 1152 3357 usus
1179 3284 1275 3355 obti-

260 3392 361 3469 nuit,
396 3406 434 3460 ut
460 3387 606 3458 Achilles
629 3383 736 3479 graeci:
761 3384 898 3473 operarie
926 3380 1135 3455 scriberetur.
1185 3380 1278 3457 Vide

262 3487 296 3558 in
321 3485 519 3580 imaginibus
545 3482 753 3562 Philostrati,
778 3482 926 3553 Achillis
951 3481 1049 3554 cibus.
1209 3542 1211 3546 .

208 3580 232 3645 -’
314 3588 357 3655 In
372 3581 515 3677 stabulis
545 3579 708 3671 Chiron.)
735 3576 864 3651 Chiron
885 3570 1062 3649 centaurus
1093 3572 1159 3664 (ut
1177 3574 1279 3650 refert

263 3680 459 3778 Hyginus)
487 3679 618 3749 Saturni
646 3674 679 3745 in
705 3676 834 3767 equum
861 3668 1280 3770 eonvers12&Phillyrae

266 3777 428 3875 nymphae
454 3773 541 3848 filins
567 3774 652 3854 fuit,
679 3777 738 3867 qui
760 3797 828 3844 non
849 3771 956 3845 modi)
980 3788 1118 3841 caetetos
1143 3792 1281 3841 centan-

266 3900 341 3954 τος,
362 3875 422 3945 sed
446 3872 598 3943 homines
617 3895 752 3965 quoque
777 3866 897 3963 lustitia
910 3868 1095 3962 superavit.
1134 3866 1283 3941 AEscula-

266 3976 363 4066 pium
383 3969 614 4045 &Achillem
636 3964 771 4038 nutrisse
798 3965 1014 4042 existimatur.
1060 3965 1163 4056 Apud
1189 3962 1283 4033 hunc
1326 4050 1328 4056 ,

268 4064 964 4234 Hercules*chm'divetteretuusilleque
987 4062 1118 4159 sagittas
1146 4057 1283 4229 Hercltg

1203 4304 1214 4343 l
