3175 4825
318 383 392 478 Μ
489 345 836 449 'nouum
873 328 930 444 ru
968 371 1134 475 Auum

225 573 235 582 ,
317 495 421 590 igitur
447 494 611 569 uxoribus
644 495 680 570 &
715 495 829 567 liberis
853 494 886 566 irt
921 512 1069 570 extrema
1094 510 1187 588 parte
1214 486 1327 584 posuit

316 591 424 676 dilium
452 593 640 690 Gorgum‚
666 591 703 668 dc
731 592 933 665 Mauticium
962 593 1045 666 vatis
1078 592 1197 667 filium.
1247 583 1326 678 Ipse
1418 662 1419 665 ,

315 689 349 772 itt,
384 690 546 780 principio
580 692 621 760 ad
659 687 768 766 hostes
806 691 984 762 conversus
1018 691 1135 782 capitis
1166 704 1249 760 nutu
1287 707 1326 754 ac

314 802 412 868 motu
442 786 538 858 hauae
561 784 755 876 fignificavit
781 784 814 857 se
841 785 1010 860 transitum
1038 802 1163 878 petere.
1211 785 1328 862 ,Lacet-

315 885 473 966 daentouii
501 908 544 956 ex
574 883 696 958 Hecati
721 884 805 954 vatis
831 883 968 956 confilio
995 885 1122 957 aditum
1151 881 1327 974 patefece·

315 998 415 1066 rum,
446 1003 488 1052 rte
516 979 633 1054 rabiosa
657 977 834 1063 homines,
860 981 898 1057 δι
924 983 965 1052 ad
993 998 1178 1054 extremam
1202 976 1326 1068 despe-

314 1076 480 1162 rationem
503 1078 656 1170 perdudii
685 1075 940 1168 supramodum
966 1077 1154 1154 ferocirent.
1200 1073 1327 1146 Meffe·

314 1177 389 1259 pios
414 1175 572 1252 abeuntes
598 1173 805 1266 susceperuut
828 1177 976 1249 Arcades
998 1175 1102 1248 allatis
1122 1168 1326 1249 vestimentis

314 1272 353 1354 ἃ
378 1273 470 1344 cibis,
506 1274 650 1346 Terram
671 1269 802 1362 insuper
825 1296 903 1345 cum
925 1273 971 1344 eis
993 1271 1064 1343 suut
1084 1269 1203 1364 partiti.
1246 1263 1325 1340 Post

315 1370 442 1460 aliquot
469 1369 588 1444 deiude
608 1367 678 1440 dics
703 1366 781 1440 cirm
799 1367 835 1442 δι
854 1367 1010 1442 Meiienii
1036 1371 1072 1444 dc
1092 1369 1237 1440 Arcades
1263 1390 1324 1437 ex·
1418 1456 1419 1461 ἵ

314 1467 519 1566 peditionem
547 1465 712 1540 occultam
740 1469 825 1539 duce
847 1465 1078 1548 Aristomene,
1101 1467 1136 1536 in
1166 1464 1326 1538 Laceda-

314 1566 447 1642 ‘monios
471 1563 653 1655 paraffeur,
672 1562 890 1637 Aristocrates
913 1566 1041 1659 (quem
1059 1561 1156 1656 supr'a
1178 1561 1326 1634 diximus

340 1663 455 1733 ccuttia
483 1663 819 1734 Lacedamoniorum
857 1664 1085 1753 corruptum)
1117 1658 1183 1735 hoc
1210 1654 1327 1732 consr-

312 1687 398 1832 dum
430 1759 695 1856 Laccdaemoniis
722 1757 891 1851 patefecit.
941 1757 1026 1832 Hoc
1059 1754 1136 1829 crim
1173 1755 1326 1830 Arcades

311 1855 537 1948 intelligerent
569 1855 766 1947 (nunquam
794 1857 883 1939 euim
908 1878 1018 1949 aeque
1045 1856 1223 1932 Arcades,
1254 1876 1324 1925 tte-.-

313 1977 380 2048 que
404 1953 560 2026 Meffenii
582 1957 788 2047 proditorem
814 1971 967 2045 putarem
991 1952 1249 2040 Aristocratem)
1273 1952 1324 2020 la·

312 2047 446 2154 pidibus
472 2051 675 2133 obruerunt,
695 2048 962 2146 insepuitquue
984 2049 1189 2124 dimiserunt.
1225 2048 1322 2121 Rur-

312 2146 366 2226 sus
399 2146 628 2219 Aristomenes
653 2172 730 2220 cum
765 2148 1004 2243 quinquaginta
1029 2144 1201 2235 Meffcniis
1229 2147 1323 2220 Iram

308 2263 465 2326 montem
489 2241 624 2325 invasu,
640 2244 765 2318 multos
786 2244 835 2314 ibi
853 2243 1191 2316 Lacedaemoniorum
1210 2244 1324 2314 truci·

310 2340 426 2421 davit,
442 2339 644 2433 illorumque
665 2340 873 2436 triumphum
893 2341 994 2413 vertit
1015 2341 1049 2411 in
1072 2342 1210 2415 lucrum.
1247 2339 1326 2413 Re-

310 2435 422 2517 versus
447 2438 480 2507 in
516 2437 696 2513 Arcadiam
719 2439 827 2512 filium
856 2441 1021 2535 Gorgum
1050 2439 1088 2514 &
1117 2436 1326 2513 Manticium

309 2536 394 2615 vatis
418 2532 526 2607 filium
555 2558 633 2607 cum
662 2534 1030 2619 exercitibussdimisrm
1050 2553 1150 2609 terras
1173 2535 1326 2611 &sedes

310 2630 496 2728 quaefitum.
509 2642 513 2654 ’
528 2634 671 2729 Gorgus
694 2636 728 2706 irt
749 2635 897 2709 Siciliam
922 2634 1091 2725 pervenit,
1107 2635 1144 2709 dc
1157 2633 1326 2706 Zenciam
1417 2697 1420 2719 g

308 2730 429 2810 urbem
458 2750 655 2823 occupatam
681 2730 868 2809 Meffenem
898 2732 1093 2809 nominavit.
1134 2730 1326 2805 Mauricius

307 2825 446 2903 insulam
472 2830 634 2901 Sardoam
665 2829 782 2920 cepit,
811 2828 1048 2921 habitavitque.
1088 2823 1323 2900 Aristomenes
1417 2815 1420 2897 Ῐ

307 2922 465 3015 Delphos
493 2924 539 2995 est
567 2924 755 3016 profedius:
781 2928 865 3020 quid
888 2924 925 2998 iit
950 2925 981 2995 ei
1005 2922 1221 3022 responsum,
1248 2946 1323 2997 nott
1417 2925 1418 2930 ’

308 3023 442 3101 dicitur,
491 3021 584 3094 Cum
613 3021 679 3095 filia
705 3020 817 3115 postea
847 3020 881 3092 in
916 3018 1051 3091 insulam
1090 3018 1255 3094 Rhodum
1287 3021 1323 3093 se

306 3118 460 3199 contulit.
515 3118 651 3192 Deinde
684 3118 791 3193 Sardis
826 3122 867 3192 ad
902 3119 1021 3214 Ardyp
1057 3116 1163 3216 Gigu
1196 3116 1324 3198 filium.

199 3276 202 3281 .
305 3215 468 3311 Cumque
502 3218 542 3291 ad
575 3238 694 3312 regem
723 3216 950 3310 Aphraottcm
985 3214 1098 3288 animo
1135 3214 1321 3290 destinasset
1412 3205 1420 3282 'j

305 3315 394 3399 iter,
416 3312 540 3388 morbo
558 3332 730 3407 correptus
756 3312 851 3390 obiit,
888 3312 1014 3405 Neque
1035 3312 1127 3385 enim
1150 3310 1320 3387 debebant

303 3411 555 3496 Lacedaemonii
572 3410 637 3489 ulla
660 3410 727 3507 jam
746 3411 839 3483 clade
864 3409 1012 3503 posthaec
1037 3412 1079 3483 ab
1101 3409 1321 3486 Aristomene

301 3508 403 3593 affici.
452 3512 597 3591 Mortuo
634 3504 841 3582 Aristomeni
870 3510 1080 3604 Damagetus
1111 3531 1150 3582 ac
1184 3506 1321 3580 Rhodii
1413 3553 1420 3594 ψ,

201 3653 206 3663 s
301 3623 561 3689 monumentum
588 3604 790 3683 aedificarunt
812 3604 963 3686 illustre,
981 3607 1018 3681 dc
1037 3603 1185 3701 honpres
1203 3600 1245 3674 ab
1270 3628 1320 3677 eu
1414 3601 1420 3622 ⁴

301 3720 459 3792 :tempore
474 3702 706 3779 decreverunt.
740 3702 990 3783 Aristomenem
1010 3704 1092 3773 item
1107 3703 1318 3775 contendunt
1416 3749 1420 3817 3

303 3797 478 3885 shebanis
504 3798 539 3877 iu
564 3799 748 3883 Leuurico
775 3799 891 3894 prelio
915 3796 1080 3875 auxilium
1105 3794 1212 3873 miiffe
1239 3798 1320 3893 post

301 3917 475 3978 mortem:
503 3895 540 3980 d<
568 3900 603 3970 in
633 3897 730 3975 causa
761 3922 840 3977 eum
875 3894 1085 3988 potisfimum
1110 3893 1243 3978 misse,
1276 3910 1318 3968 ut
1417 3945 1420 4008 i

300 3994 431 4080 sladem
456 3996 647 4102 acciperem
671 3994 934 4080 Lacedccoom
979 3992 1064 4077 Huc
1094 3992 1241 4075 breviter
1268 4015 1316 4065 ex

1228 4094 1317 4172 Paua.
