3175 4825
467 359 723 440 'Aurrtrr
757 370 1005 441 luerent.
1037 369 1069 440 1.
1230 391 1277 448 11

278 483 346 556 vis:
367 485 467 554 unde
491 487 626 562 nascitur
659 491 823 576 Bellona,
847 492 880 564 id
911 492 981 572 est,
1009 495 1136 566 animus
1159 493 1281 575 tortis,

283 579 401 674 agilis,
425 580 587 668 strenuus,
612 589 651 664 &
673 586 813 661 confiliis
836 613 934 680 atque
956 589 1189 685 stratagematis
1212 615 1278 664 va-

281 677 366 746 lens.
406 677 450 749 Fr
473 684 543 770 quia
566 685 665 765 Jovis
689 685 735 758 est
760 685 849 764 filia,
875 707 1007 779 propter
1030 687 1191 768 Jullttiam
1212 691 1277 760 de·

285 764 480 879 pendendam
501 781 628 852 clamat.
670 783 760 855 Bella
777 783 868 854 enim
893 779 971 854 idei>
993 781 1220 873 suscipiuntur,
1238 801 1277 854 ut

290 891 321 937 tn
336 894 414 959 pace
435 876 576 951 vivatur.
616 880 788 952 Sedenim
807 905 885 951 cum
908 877 1032 949 bellum
1058 879 1140 952 aded
1165 905 1217 954 res
1239 877 1277 950 stt

285 961 463 1048 horrenda,
476 993 513 1045 ut
531 975 591 1046 vix
605 976 678 1069 ejus
694 977 856 1048 calamitas
879 976 1036 1066 explicari
1060 975 1178 1064 poffit,
1196 975 1277 1071 quid

282 1062 419 1147 mimm,
445 1065 469 1137 sr
492 1071 635 1155 raelum,
655 1073 692 1146 ἃ
714 1091 797 1146 terra
820 1075 1059 1148 concutiantur,
1079 1075 1120 1142 ad
1142 1075 1278 1145 horren·

278 1161 333 1229 dae
349 1163 499 1238 Bellonae
523 1167 652 1249 voces?
694 1170 851 1242 Nalcitur
871 1169 973 1241 Pallas
996 1189 1138 1251 armata,
1155 1169 1191 1242 dt
1209 1169 1277 1263 jam

275 1257 402 1339 adulta,
418 1287 488 1334 non
510 1263 638 1336 infans:
663 1266 739 1358 quia
757 1266 929 1339 confilium
950 1267 1079 1345 Ducis,
1103 1263 1278 1358 antequitm

277 1354 312 1422 in
332 1354 444 1428 lucem
473 1365 635 1450 prodeat,
658 1362 724 1453 jam
753 1381 883 1454 oportet
911 1363 974 1433 esse
1000 1363 1211 1456 perfeetum,
1239 1357 1276 1438 ὅ(

278 1449 465 1542 integrum,
490 1456 713 1551 omnibusque
739 1461 884 1534 numeris
903 1459 1101 1534 absolutum.

221 1617 226 1628 .
302 1550 688 1656 'Anquiafirl’nlluso
712 1558 886 1652 Quoniam
901 1557 966 1652 jam
988 1559 1030 1628 de
1051 1557 1181 1630 Pallade
1202 1565 1277 1628 (αἱ

243 1663 250 1683 ·
278 1667 404 1732 prmus,
426 1667 599 1724 cantemus
623 1653 743 1724 iterum
765 1652 911 1750 ejusdem
931 1655 1151 1734 nativitatem,
1173 1671 1210 1724 ut
1234 1651 1277 1724 ab

277 1739 429 1816 Hefiodo
454 1750 670 1838 accepimus:
706 1749 760 1822 sed
789 1770 898 1822 tamen
925 1747 1068 1821 brevius.
1109 1748 1277 1832 Primam,

277 1835 400 1930 iuquit,
427 1867 574 1915 uxorem
601 1846 697 1918 duxit
719 1849 849 1940 Jupiter
875 1845 988 1920 Metin
1014 1843 1074 1934 (id
1099 1845 1164 1926 etl,
1189 1869 1276 1935 pru·

279 1933 448 2030 dentiam)
474 1965 550 2031 quae
562 1940 640 2013 clrm
660 1943 793 2036 jamjam
811 1942 888 2016 ellet
906 1943 1096 2014 Minervam
1113 1939 1276 2034 paritura,

276 2027 404 2122 Jupiter
425 2034 444 2107 it
467 2039 566 2111 Caelo
584 2040 622 2113 dt
643 2041 784 2114 Tellure
807 2039 974 2118 monitus,
996 2034 1106 2120 filios,
1128 2058 1212 2132 quos
1233 2061 1277 2112 ex

276 2125 405 2202 Metide
425 2130 621 2226 susciperet,
640 2135 777 2209 ronstlio
795 2135 832 2210 ὃ(
850 2135 1040 2207 fortitudine
1066 2152 1157 2228 patre
1180 2131 1277 2227 supe-

279 2244 426 2308 ramus,
443 2232 635 2304 Minervam
658 2257 701 2304 ex
720 2252 835 2305 ventre
862 2231 1001 2308 Metidis
1020 2257 1079 2325 per
1104 2231 1218 2325 jocum
1239 2233 1276 2308 ὃ(

285 2318 395 2392 dolum
420 2347 550 2400 erutam
573 2327 701 2402 suomet
724 2332 800 2408 alvo
827 2327 985 2403 condidit.
1035 2328 1155 2402 Subdit
1186 2327 1240 2398 inf
1254 2365 1275 2384 -

283 2413 374 2487 ridet
395 2420 468 2513 Ipse
490 2445 603 2499 autem
630 2428 760 2520 Jupiter
786 2454 830 2501 ex
850 2428 956 2520 capite
981 2430 1117 2519 proprio
1141 2428 1275 2501 Miner-

285 2534 366 2582 vam
387 2526 577 2615 progenuit,
601 2524 700 2597 castis
722 2528 834 2600 oculis.
851 2526 1045 2617 preditam,
1066 2550 1195 2604 acrem,
1226 2523 1275 2594 in·

278 2608 471 2697 domitam,
497 2625 737 2703 venerandam,
762 2624 817 2693 cui
848 2620 960 2698 bella,
988 2616 1126 2693 &belli
1150 2621 1276 2691 elamor

275 2728 367 2780 etant
382 2716 484 2785 cordi.
521 2717 610 2788 Haec
634 2720 699 2788 ille.
735 2718 870 2788 Dicitur
893 2735 1005 2785 autem
1023 2717 1082 2803 (ut
1098 2718 1138 2787 ait
1158 2716 1276 2790 Eulla·

275 2801 360 2879 thius
382 2834 418 2882 ln
441 2814 528 2906 prin.
556 2815 678 2908 Iliad.)
699 2814 764 2886 500*
790 2808 835 2883 rt?
852 2810 976 2882 πάλλειν
993 2805 1028 2879 τᾶ
1045 2813 1133 2907 ddpv,
1156 2814 1190 2883 id
1207 2812 1283 2895 est,-

278 2894 297 2968 'a
321 2904 481 2982 vibrando
509 2908 642 2982 hallam.
694 2914 793 2985 Unde
816 2908 834 2983 l
868 2911 979 2983 Poetis
1005 2908 1129 2983 Latinis
1156 2908 1275 2982 dicitur

287 3000 469 3089 Armlona:
493 3006 547 3078 vel
571 3006 662 3102 quird
687 3012 868 3081 Pallantem
894 3012 1065 3102 gigantem
1085 3008 1118 3078 in
1142 3007 1276 3095 Gigan-

283 3099 434 3173 tomaehia
465 3104 649 3178 occiderit:
677 3108 731 3179 vel
759 3104 851 3199 qudd
875 3112 911 3175 ert
931 3104 955 3176 ‘l
979 3105 1002 3174 P
1031 3102 1096 3190 tltlr
1115 3102 1274 3175 συνεπάλτσ

272 3199 412 3279 nodi,
433 3200 471 3270 id
499 3200 565 3280 est,
588 3224 632 3274 ex
653 3202 749 3284 Jovis
773 3205 914 3275 exilietit
940 3203 1055 3291 capite.
1095 3202 1209 3279 Hinc,
1237 3214 1275 3271 ut

270 3291 315 3360 ait
338 3292 483 3369 Hefiodi
509 3298 669 3389 interpres
691 3301 725 3370 in
752 3300 900 3395 Aspidr,
925 3298 1011 3368 dieta
1032 3296 1078 3367 ell
1105 3296 1275 3382 Tritonia,

267 3388 324 3458 vel
348 3394 569 3490 Tritogrnr‘ar
595 3398 751 3485 quoniam
774 3398 887 3492 lingua
910 3394 1040 3467 AEollca
1067 3391 1153 3480 tyno*
1178 3412 1275 3487 caput

264 3480 450 3579 fignificat:
476 3514 663 3585 quanquam
683 3495 725 3563 de
752 3498 887 3565 nomine
908 3493 975 3563 hoc
998 3512 1117 3587 magna
1135 3490 1181 3564 est
1202 3493 1275 3585 opi·

262 3585 411 3661 nionum
447 3586 622 3660 diversttas.
676 3592 769 3662 Nam
798 3590 948 3664 Homeri
989 3586 1182 3665 Scholiastes
1218 3590 1276 3693 lid.

260 3682 365 3760 Iliae
387 3691 416 3754 l.
438 3682 504 3755 dno*
525 3685 569 3757 ra*
578 3692 649 3774 mit
668 3689 790 3763 didam
812 3683 1037 3781 allerit,qudd
1049 3688 1157 3761 hostes
1174 3710 1276 3760 'tom-

259 3785 447 3872 pavelrete
462 3784 565 3860 faciat.
600 3789 807 3878 Pomponius
819 3786 913 3859 Meta
937 3784 990 3859 ltt'.
1004 3804 1033 3857 1.
1062 3788 1167 3879 Super
1184 3785 1274 3856 hunc

261 3878 377 3972 inquit
398 3886 517 3979 ingens
539 3882 632 3977 palus
648 3908 779 3957 amnem
800 3884 942 3957 Tritona
958 3883 1092 3973 recipit,
1105 3879 1173 3973 ipsa
1191 3881 1275 3953 Tri·

258 3976 378 4056 tonis:
399 3982 490 4059 uude
512 3981 549 4060 δι
571 3981 739 4060 Minerva
766 4004 959 4077 cognomen
984 3982 1127 4055 inditum
1154 3978 1220 4091 ell,
1236 3992 1274 4048 ut

512 4124 516 4131 .
1181 4096 1276 4144 mco-
