3175 4825
325 396 542 473 annm
570 359 810 472 ananan.
831 397 1059 476 txxvnr.
1135 415 1217 500 ur

216 511 471 594 Pharmaceutria
497 524 663 616 repetitus.
712 521 916 594 intercalatis
945 524 1035 598 enirn
1067 523 1123 600 ett
1164 527 1212 602 Et

216 611 302 688 verba
327 642 637 693 commentatorum
663 617 824 690 Pindari:
856 631 927 691 tum
960 642 1116 713 preterea
1142 624 1210 717 ipsa

214 703 327 786 labella.
369 716 543 810 Siquidem
565 719 656 813 lynx
676 715 813 806 pellexit
836 713 960 796 Jovem
981 718 1014 787 in
1031 716 1094 794 tta
1114 746 1211 794 atno-

218 827 292 876 rem:
306 836 379 882 non
393 831 513 886 autem
526 817 706 884 amuletum
721 813 805 892 suit,
820 836 862 883 ne
875 812 1008 904 Jupiter
1029 817 1071 888 ab
1094 843 1212 894 amore

222 900 412 982 liberaretur.
458 911 542 1006 Agit
567 910 666 982 etiam
691 911 732 980 de
756 909 821 979 hnc
849 910 885 980 T
887 929 996 981 zetzes
1020 913 1138 985 Cluilia.
1153 938 1224 992 ιιι

224 995 416 1087 &Suidas,
451 1007 487 1080 &
518 1006 752 1104 Lycophronis
788 1005 967 1100 interpres·
1004 1005 1062 1078 De
1099 1011 1213 1110 lynge

224 1096 304 1170 etiam
325 1103 428 1175 Arisl.
454 1103 508 1174 lib.
522 1125 555 1181 2.
581 1107 634 1176 Dr
647 1124 763 1175 natura
784 1104 897 1175 anima
913 1123 1043 1200 capla.
1066 1101 1118 1178 ltit
1137 1133 1216 1180 ver.

224 1192 280 1280 bis,
301 1219 337 1272 ut
363 1203 524 1278 avicula,
545 1225 643 1294 quam
667 1201 813 1296 Ingem
832 1221 963 1272 vocant.
1002 1199 1090 1272 Haec
1111 1199 1216 1294 paulb

221 1296 340 1388 major,
366 1295 467 1389 quim
492 1297 637 1392 fringilla
657 1297 723 1378 eli,
743 1296 856 1366 colore
872 1299 977 1370 vatio.
1022 1295 1136 1371 Habet
1155 1299 1217 1374 libi

221 1395 384 1485 propriam
411 1395 620 1490 digitorum,
650 1396 754 1486 quam'
776 1390 881 1464 modd
905 1396 996 1475 dixi,
1021 1393 1216 1489 dispostio-

220 1511 285 1561 nem
296 1491 355 1573 ,δε
367 1491 514 1586 linguam
534 1489 736 1582 serpentibus
751 1489 910 1560 similem:
925 1491 1049 1585 quippe
1065 1519 1165 1586 quam
1180 1495 1217 1568 in

221 1583 462 1682 longitudinem
493 1587 645 1660 mensura
667 1606 809 1680 quatuor
835 1585 1018 1679 digitorum
1032 1593 1218 1687 porrigat,

221 1681 410 1778 rurstimque
444 1683 611 1758 contrahat
637 1689 719 1756 intra
748 1681 900 1754 rostrum.
946 1683 1085 1756 Collum
1115 1693 1220 1764 etiam

226 1781 435 1877 circumagit,
455 1785 489 1852 in
511 1781 680 1858 adversum
704 1779 834 1873 reliquo
850 1777 1038 1873 quiescente
1055 1806 1221 1874 corpore,

229 1883 315 1950 modo
343 1880 557 1973 serpentum:
582 1903 713 1976 ungues
738 1875 768 1948 ei
795 1880 937 1972 grandes
963 1877 999 1951 dt
1019 1875 1156 1962 sunites,
1181 1901 1223 1956 ur

227 1979 405 2051 monedulis
431 1998 554 2050 exeunt
571 2004 580 2045 ι
595 2021 597 2026 ,
612 2003 697 2048 voce
721 1994 831 2045 autem
861 1972 1005 2045 strident.
1047 1973 1225 2073 Hastenus

223 2073 339 2146 Atilio.
378 2073 578 2167 Appellatur
603 2077 701 2148 etiam
720 2069 837 2144 Latinb
863 2070 935 2143 baec
953 2072 1021 2143 avis
1047 2071 1225 2150 Verticilla

225 2166 370 2260 Httpan‘e
392 2170 614 2265 Torpccuello.
664 2169 836 2244 Motacilla
861 2166 944 2240 verb
971 2164 1073 2271 longe
1097 2169 1224 2250 diversa

227 2264 276 2334 ett
297 2270 365 2338 avis
390 2269 431 2340 ab
456 2271 529 2340 hac.
577 2269 690 2344 Graeci
721 2267 900 2352 termole,
925 2284 982 2339 aur
1005 2269 1126 2362 etloum
1154 2295 1225 2343 vo·

227 2380 304 2433 cant
335 2361 470 2455 Hispani
495 2363 668 2463 Pezpita,
702 2365 755 2441 vel
788 2366 985 2462 aguzanive.
1017 2365 1113 2444 .Hac
1146 2387 1224 2442 ute-

229 2457 353 2533 bantur
387 2465 506 2559 antiqui
535 2460 687 2545 adversus
719 2460 984 2539 incantationes,
1018 2483 1054 2531 ut
1088 2465 1225 2553 quidam
1336 2487 1341 2510 ⁶

180 2588 181 2623 t
227 2554 385 2631 scribunt.
428 2562 485 2633 De
518 2586 581 2654 qua
606 2576 718 2630 tamen
742 2581 810 2629 non
833 2554 1020 2628 intellexisse
1054 2560 1227 2634 Alciatutn

227 2674 427 2753 argumento
460 2658 535 2731 sunt
573 2658 673 2729 verba
712 2652 871 2724 Pindari:
900 2656 990 2724 unde
1024 2651 1077 2723 ille
1113 2657 1228 2729 omnia

228 2751 391 2847 sumpstffe
418 2755 574 2831 videtur,
595 2750 720 2827 &duo
743 2748 798 2821 illa
822 2747 966 2820 carmina
993 2748 1108 2821 ultima
1126 2751 1228 2849 hujus

229 2852 496 2947 Epigrammatis.
847 2858 851 2868 '

271 2950 439 3023 Bacchica
460 2952 530 3038 avit
550 2944 691 3045 praello.)
716 2944 837 3015 Metalla
857 2947 921 3038 ὄρνιν
946 2943 1028 3015 dixit
1048 2946 1230 3033 Pindarus,¹

180 3100 182 3125 .
231 3046 292 3117 boc
315 3044 385 3122 est,
410 3040 641 3127 insanientem,
661 3042 679 3115 {a
702 3043 815 3133 μὼνω,
837 3045 927 3136 quod
949 3039 995 3110 ett
1009 3040 1132 3117 furiose
1155 3070 1231 3116 mo·
1275 3087 1277 3096 ι

180 3138 182 3159 ’
232 3165 334 3225 veor,
362 3162 417 3215 aut
438 3144 589 3241 insanio,
615 3146 897 3239 quemadmodum
918 3140 1091 3212 Maenades
1109 3138 1237 3212 Bacchi·

233 3238 450 3321 Sacerdotes,
473 3242 510 3319 ἃ
537 3236 602 3331 ipse
631 3240 777 3312 Bacchus
804 3239 924 3310 dicitur
957 3231 1097 3316 silwim,
1122 3235 1238 3308 nteit.

233 3335 422 3409 Hesrcltius.
474 3357 498 3385 ³
582 3386 584 3393 ·
1071 3415 1075 3421 Δ

180 3462 181 3485 t
282 3432 393 3525 Quam
413 3429 687 3529 quadrirndiatn.)
712 3432 793 3504 Hoc
815 3429 880 3509 esi,
904 3449 943 3503 ut
960 3446 1101 3523 quatuor
1123 3430 1238 3509 radios

180 3544 182 3555 ’
237 3530 425 3612 constituat,
445 3531 553 3603 voluit
577 3531 763 3623 exprimere
787 3531 949 3618 Graecum
969 3526 1111 3602 verbum
1129 3527 1235 3621 erepti·

180 3684 181 3703 t
237 3626 358 3714 υίμονα
375 3628 489 3719 κνῦμι,
512 3627 619 3701 radius
644 3624 690 3696 est
714 3644 807 3697 rota.

180 3716 182 3795 l
283 3730 356 3803 Orc
378 3751 500 3799 crucem
527 3724 567 3799 (ν’
594 3722 733 3815 cauda.)
758 3722 841 3797 Hoc
864 3718 1042 3818 allegoric'e
1065 3721 1239 3818 interpre·„

180 3816 182 3913 l
237 3840 346 3898 tantur
373 3821 493 3915 aliqui,
519 3822 712 3909 innuentes,
736 3819 761 3891 st
785 3820 867 3892 velis
893 3819 935 3911 ab
958 3822 1080 3893 amotis
1102 3819 1235 3897 servitio

180 3924 182 3987 t
236 3920 391 4002 liberari,
407 3945 489 4009 opus
504 3916 567 3989 elle
577 3962 588 3999 ,
599 3936 637 3991 ut
653 3916 743 3988 illurn
762 3939 911 3989 amorem
928 3916 1061 3988 dividas.
1077 3918 1130 3988 dd
1145 3917 1240 4011 quod

180 4032 182 4131 t
232 4020 388 4116 precipit
410 4016 554 4096 Ovidz..
579 4016 618 4088 de
644 4014 777 4090 Remed.
795 4038 876 4091 amo.
898 4012 950 4113 ltis
969 4012 1105 4094 verbis,
1140 4080 1194 4183 Ἠ
1238 4009 1242 4020 ’

180 4136 182 4161 l
347 4150 359 4159 v*
1187 4134 1240 4183 or.
