3175 4825
298 395 420 472 *186
548 394 851 472 connexe.
890 415 945 471 tn
984 398 1148 473 Aaou:

344 525 425 595 doto
449 516 484 590 in
507 519 635 599 (lione,
660 521 749 590 unde
774 541 892 590 omnes
911 520 1000 590 illam
1028 517 1247 612 sumpserunt.
1284 523 1354 603 Sed
1413 512 1414 573 ἕ

344 643 405 689 cut
427 615 495 688 non
521 639 725 708 apponamus
745 618 865 688 Ovidii
889 621 1035 690 carmina
1063 640 1106 688 ex
1124 641 1159 702 λ,
1185 617 1356 713 Fastorum

343 713 412 810 ipsa
438 714 603 784 venustate
630 713 842 787 venustiora?
1197 759 1216 794 s

393 811 496 904 Quod
514 837 601 883 mare
626 815 818 894 nanneten,
841 810 913 906 quae
934 809 1032 896 nescit
1053 816 1185 886 Ariona
1205 811 1322 888 tettae?

441 911 592 982 Carmine
617 931 781 980 currentes
808 911 864 980 illc
891 909 1019 982 tenebat
1043 937 1155 1006 aquas.
1279 917 1298 993 J

392 1008 488 1102 &cpe
506 1006 644 1101 sequens
671 1029 787 1098 agnam
811 1007 905 1101 lupus
930 1003 969 1098 dl
994 999 1014 1077 ti
1036 1032 1116 1080 voce
1137 1029 1307 1081 retentus.-

443 1109 537 1200 Saepe
563 1102 692 1174 avidum
709 1099 846 1196 fugiens
872 1099 987 1197 restitit
1016 1129 1103 1199 agna
1128 1108 1249 1201 lupum.

368 1273 373 1282 ,
393 1200 485 1296 Sept
511 1225 604 1274 canet
628 1197 811 1296 leporc'sque
833 1201 946 1270 umbra
963 1202 1098 1292 jacuere
1111 1203 1175 1289 sub
1197 1229 1284 1277 unat

438 1301 481 1370 Et
496 1294 591 1390 Jletit
615 1297 650 1367 in
671 1295 756 1382 saxo
776 1299 928 1392 proxima
956 1321 1052 1369 cerva
1081 1300 1167 1371 leae:

393 1395 437 1468 Et
453 1391 525 1487 stne
549 1396 605 1465 lite
633 1394 774 1488 loquax,
803 1418 872 1468 cum
894 1395 1045 1467 Palladis
1067 1398 1144 1468 alite
1172 1399 1283 1470 cornix

443 1491 557 1571 Sedit,
585 1488 798 1586 &accipitri
820 1490 935 1587 juncia
962 1493 1109 1563 columba
1129 1491 1211 1583 fuit.

396 1590 537 1689 Cynthia
552 1586 641 1684 saepe
667 1589 735 1658 tuis
751 1585 863 1676 fertur
890 1591 1016 1658 vocalis
1041 1593 1153 1661 Arion
1166 1633 1180 1670 ,

444 1681 613 1783 Tanquam
632 1683 798 1768 fraternis
820 1683 1004 1782 obstupuiffe
1030 1688 1142 1759 modis.

394 1784 526 1856 Nomen
553 1783 728 1855 Arionium
754 1784 881 1854 Siculas
907 1784 1096 1878 impleverat
1125 1785 1237 1858 urbes:

445 1880 610 1978 Capta‘qut
635 1901 702 1952 crat
717 1880 837 1977 lyricis
863 1879 1007 1967 Ausonis
1034 1904 1093 1950 ora
1106 1883 1210 1967 sanis.

394 1979 477 2050 Iule
502 1979 627 2052 domum
650 1996 795 2072 repetens
817 1978 948 2070 puppim
971 1978 1148 2062 conscendit
1175 1980 1310 2060 Arion,

443 2080 552 2170 Atque
579 2077 624 2144 ita
651 2068 797 2166 quaefitas
824 2096 893 2144 arte
908 2069 1036 2165 ferebat
1057 2094 1140 2168 apes.

395 2169 543 2263 Porfitan
569 2168 684 2259 infelix
711 2191 851 2252 uentos,
880 2169 1044 2265 unded'que
1072 2175 1221 2247 timebas:

422 2271 496 2339 'At
521 2269 581 2339 tibi
605 2291 688 2338 nave
711 2286 769 2336 tua
794 2269 893 2336 tutius
916 2292 1025 2362 aequor
1051 2292 1132 2340 erat.

396 2367 546 2461 Namque
571 2365 772 2461 gubernator
797 2360 934 2457 apirian
957 2360 1109 2458 constitit.
1123 2366 1217 2456 cnse,

447 2466 633 2555 Caettraque
658 2482 784 2534 armata
811 2460 935 2547 conscia
963 2462 1194 2555 turbannanu.
1413 2549 1414 2554 ἵ

395 2560 490 2653 Quid
506 2561 566 2631 tili
584 2584 653 2631 tum
668 2558 809 2653 gladio?
834 2558 962 2630 dubiam
977 2584 1053 2655 rege
1075 2566 1190 2634 navita
1205 2562 1365 2658 puppim:

445 2662 524 2731 Non
544 2656 624 2743 sunt
651 2658 719 2727 ltaec
746 2656 861 2750 digitis',
886 2683 978 2727 arma
1003 2663 1144 2729 tenenda
1169 2662 1242 2731 tuis.

398 2758 463 2827 Ille
486 2778 571 2829 metu
594 2755 756 2849 pavidus,
778 2775 909 2824 mortem
929 2779 992 2825 non
1016 2758 1182 2848 deprecor,
1207 2758 1340 2849 inquit,

446 2851 512 2925 Sed
538 2854 629 2923 liceat
649 2851 781 2945 sumpta
804 2869 909 2943 pauca
935 2851 1054 2941 referre
1083 2853 1166 2946 lyra.
1242 2870 1245 2875 ·

397 2953 490 3027 Dant
503 2950 646 3022 veniam,
663 2950 832 3041 ridentque
843 2972 984 3016 maram:
998 2946 1083 3041 capit
1098 2948 1344 3031 dictamnum,

446 3045 531 3138 Quae
554 3040 653 3139 poffet
675 3046 796 3121 crines,
822 3044 957 3117 Paete,
979 3046 1090 3113 decere
1115 3066 1199 3115 tuos.

321 3222 325 3229 ,
396 3144 507 3217 Induit
533 3142 573 3215 (i
594 3142 695 3239 Tyrio
719 3137 896 3233 diflinllam
923 3141 1044 3212 murice
1070 3143 1213 3235 pallam:

445 3238 599 3313 Reddidit
625 3238 688 3311 illa
706 3236 784 3323 suos
809 3235 928 3333 pollice
954 3236 1077 3309 chorda
1093 3238 1206 3330 sonos,

396 3337 572 3413 Flebilibut
601 3336 764 3415 numeris,
792 3334 894 3404 veluti
922 3336 1071 3406 canentia
1096 3335 1180 3406 dura

429 3434 616 3528 ¹Trajeilut
638 3451 748 3527 penna
776 3450 921 3525 tempora
947 3452 1056 3503 cantat
1088 3434 1171 3502 olor.

394 3524 549 3609 Protinus
573 3533 609 3601 in
635 3530 772 3601 medios·
786 3547 919 3600 ornatus
946 3525 1050 3620 defilit
1075 3529 1207 3600 undas:

447 3628 620 3720 Spargitur
645 3626 782 3722 impulsa
807 3627 927 3697 caerula
950 3625 1068 3717 puppis
1096 3650 1191 3720 aqua.

396 3726 477 3797 Inde
502 3722 592 3811 (fide
614 3725 746 3817 majus)
772 3743 864 3819 tergo
892 3722 1058 3812 Delphina
1084 3746 1252 3796 recurvo,

446 3822 685 3894 sementum
714 3822 804 3891 oneri
821 3814 1019 3912 supposuiffe
1044 3843 1140 3889 nova.

395 3920 456 3992 lile
472 3913 564 4001 sedet
588 3918 809 4011 citharamque
832 3935 939 3991 tenet,
961 3917 1162 4009 pretiumque
1191 3913 1333 3986 vehendi

444 4016 576 4095 Cantor,
603 4012 643 4091 (θ’
668 4035 834 4112 aequoreas
855 4014 994 4087 carmine
1017 4013 1131 4088 multet
1150 4036 1264 4108 aquas.
1297 4108 1369 4183 D'‘

1338 4134 1368 4180 tt
