3175 4825
336 327 416 417 3'3'4
539 320 937 390 Communium
974 316 1141 384 Auum*

237 499 241 517 ,
342 432 557 535 Cyparissus,
580 434 658 507 inde
682 459 808 508 nornen
831 432 979 524 accepit,
1001 430 1095 523 quod
1114 428 1275 525 producat
1297 431 1346 498 tal

190 620 191 625 ,
343 558 419 609 mos
445 534 596 627 aequales.

735 644 964 700 ALIum

391 745 575 845 Ἑιιηιβαιβ
590 749 724 843 orbor.)
748 746 929 839 Cuprellus
947 745 1048 819 etiam
1064 740 1255 841 symbolum
1269 766 1350 836 prae·

342 846 407 919 fert
425 848 563 920 mortis:
588 848 683 940 quia,
710 863 748 917 ut
767 846 873 937 inquit
899 844 1013 916 Festus
1041 842 1223 934 Pompeius
1249 845 1305 914 lib.
1319 863 1351 931 3.

251 950 253 953 ’
343 944 483 1039 Cuprcffi
507 964 700 1017 mortuorum
732 944 876 1015 domibus
905 943 1106 1037 ponebantur
1137 942 1243 1021 idco,
1277 943 1352 1037 quin
1405 959 1406 962 ’

341 1040 441 1135 liujus
466 1042 601 1140 generis
627 1040 725 1112 orbor
750 1038 857 1128 exciso
888 1065 951 1113 non
974 1039 1171 1123 renascitur:
1195 1032 1280 1129 ficut
1313 1060 1352 1107 eu
1404 1118 1406 1123 .

341 1158 470 1211 mortuo
497 1138 580 1211 ninii
600 1138 672 1231 jam
698 1132 742 1230 ιβ
761 1136 968 1231 sperandum.
1008 1130 1178 1227 Quum&
1203 1133 1243 1202 ob
1268 1158 1352 1203 cau·

335 1235 412 1324 som
434 1237 469 1307 in
492 1234 593 1305 rutulo
614 1234 707 1305 Diris
724 1234 835 1327 porris
861 1236 919 1328 ιβι
939 1235 1124 1330 putubatur.
1160 1227 1250 1302 Haec
1266 1230 1353 1301 Fes-

344 1352 411 1405 cus.
449 1333 507 1403 De
537 1329 598 1403 ha'c
622 1331 787 1411 Ovidius,

394 1426 598 1523 Lugelcsquc
620 1428 702 1501 alios
725 1426 893 1522 aderisque
914 1424 1118 1511 dolentibus,
1138 1425 1256 1522 inquit.

343 1522 390 1597 Et
417 1524 622 1597 Claudianus
647 1526 703 1597 lib.
717 1547 752 1603 2.
779 1529 819 1597 dc
841 1544 959 1621 raptu,
1204 1612 1206 1618 ,

443 1656 539 1675 --
564 1622 719 1695 Tumulus
748 1623 872 1694 tellum
897 1621 1064 1718 cuprrffus.

346 1716 607 1815 Epigrammatis
630 1718 738 1803 sensus
765 1718 836 1790 eil:
859 1718 1040 1810 Cuprellua
1064 1714 1207 1789 divitum
1226 1714 1264 1789 δι
1283 1726 1357 1791 ma*
1409 1675 1410 1766 l

348 1835 487 1909 gnatum
517 1833 736 1889 monumenta
757 1815 793 1889 δι
815 1813 985 1907 sepulchra
1012 1833 1173 1899 exornat,
1192 1817 1355 1909 quemad·
1410 1855 1411 1922 n

346 1916 491 1987 modum
509 1914 546 1990 ἃ
568 1914 684 2005 apium
709 1912 816 2004 plebis
838 1932 1055 1987 monumenta
1078 1914 1197 1984 fronde
1218 1912 1273 1984 sua
1296 1935 1356 1984 co-

347 2008 469 2084 mit&
495 2025 642 2084 exornat.
681 2009 780 2084 Unde
806 2010 959 2083 Lucanus
986 2012 1020 2080 in
1043 2032 1075 2101 3·.
1104 2008 1217 2087 dixit,

395 2110 440 2179 Ει
460 2132 527 2178 nnn
550 2106 688 2201 plebeios
719 2106 824 2179 lullus
849 2106 960 2202 ιιβαια
986 2103 1158 2206 rupreffus.

348 2202 443 2279 Vide
463 2206 644 2297 adagium,
667 2206 756 2299 Apio
780 2225 858 2301 opus
885 2200 936 2298 ιβ.
951 2205 995 2281 or
1016 2204 1180 2278 Alexand.
1205 2198 1248 2273 ab
1271 2200 1354 2271 nle-

347 2302 445 2372 xand.
474 2300 573 2375 ΗΜ.
598 2317 712 2394 cop.7.
741 2302 798 2395 qui
823 2300 882 2372 etli
903 2326 979 2373 vcra
1006 2301 1085 2372 dicit
1115 2302 1156 2370 de
1181 2298 1281 2391 apio,
1300 2299 1356 2368 lo·

261 2487 266 2496 ⁵
348 2419 427 2476 cum
443 2410 552 2468 tumen
576 2395 751 2470 Ciceronis
767 2397 864 2470 nimis
879 2393 995 2491 putid'e
1019 2399 1262 2492 interpretatur,
1278 2393 1357 2470 cium

350 2489 475 2568 Cicero
500 2497 543 2566 de
567 2494 679 2588 Appio
707 2493 855 2570 Pulchro
873 2496 1046 2593 intelligat.

736 2663 968 2717 ALIUm

324 2785 328 2792 “
396 2766 541 2839 Pulclro
565 2767 751 2864 comacli.)
776 2769 901 2843 Tertio
933 2765 1100 2862 cupressus
1128 2766 1288 2863 fignificat
1308 2790 1358 2839 teo

350 2861 443 2936 dion
470 2865 606 2957 quidem
631 2865 823 2961 magnificas
852 2893 890 2938 ac
917 2865 1109 2958 praeclaras,
1135 2867 1190 2939 sed
1216 2865 1358 2937 inutiles.

347 2959 401 3032 Ita
426 2960 579 3034 Phocion
603 2967 692 3054 apud
716 2964 931 3036 Plutarchum
958 2962 1155 3035 Leosthenis
1176 2961 1279 3033 verba
1304 2986 1361 3034 cu·

349 3061 463 3150 preliis
487 3056 601 3132 similia
621 3058 685 3130 elle
707 3058 848 3132 dicebar.
891 3061 983 3132 Nam
1006 3061 1149 3155 cupreffi
1175 3057 1256 3131 clim
1284 3059 1361 3148 pul·

347 3153 439 3226 chrae
466 3153 526 3228 sint
541 3157 586 3232 ὅ(
610 3156 785 3238 sublimes,
809 3157 958 3239 frudum
990 3182 1057 3229 non
1081 3155 1217 3232 habent.
1267 3156 1362 3229 Vide

349 3252 529 3348 adagium,
553 3253 707 3351 Cypariffl
717 3252 863 3346 suuldus.
906 3255 1072 3352 Cypariffi
1088 3253 1235 3327 fabulam
1259 3251 1362 3323 habea

345 3353 439 3440 apud
467 3351 572 3423 Ouid.
598 3353 652 3422 lib.
665 3373 720 3425 10.
745 3354 884 3424 Merum.
910 3351 947 3426 δι
976 3356 1066 3446 apud
1092 3351 1241 3427 Caffium
1265 3350 1363 3421 Dio-

340 3443 482 3544 ¹nysrum
507 3449 564 3519 lib.
580 3469 636 3522 11.
668 3451 707 3522 de
740 3451 963 3542 Agricultura
990 3471 1060 3546 cup.
1076 3468 1109 3546 5.
1156 3445 1366 3540 Detorqueri

351 3546 452 3613 etiam
476 3545 583 3636 potest
607 3548 642 3616 in
666 3547 756 3618 viros
784 3547 871 3618 bene
896 3547 1083 3631 formatos,
1109 3559 1175 3644 ¹aut
1205 3543 1367 3620 mulieres

348 3638 490 3740 pulchr'e
518 3661 686 3728 comatus,
713 3642 875 3718 caeterlnn
903 3643 1026 3720 nullius
1053 3646 1174 3743 frugis·

1187 4027 1369 4134 ouon-1
