3175 4825
382 381 598 456 Arcum
637 381 889 458 Eunoen.
914 385 1115 462 xxxm.
1188 403 1267 482 103

253 497 441 578 Habebam
462 506 573 581 nescio
597 509 678 605 quid
701 508 737 580 in
761 511 897 583 occulto
918 510 1097 594 Messenii,
1121 515 1215 608 quod
1239 509 1267 584 li

255 601 485 684 evanesceret,
507 604 662 682 futurum
686 623 754 678 erat
778 633 822 680 ex
844 609 1003 691 oraculo,
1022 631 1062 682 ut
1082 629 1153 684 tota
1169 605 1267 684 Mes·

256 693 333 772 sena
353 697 638 799 submergeretur:
657 703 704 776 lin
723 704 808 776 verb
823 705 857 776 id
875 704 1148 790 conservaretur,
1168 708 1267 790 fore,

258 801 1266 994 :lm‘ttlttttltlllssmllsfflltttltztt¹¹lspll

826 943 839 978 ‚
1249 938 1267 960 .

259 993 353 1072 tavit,
372 995 412 1072 dt
436 997 471 1066 in
489 1012 607 1070 monte
622 995 760 1070 Ithoma
784 997 932 1081 defodit,
954 994 1014 1072 ubi
1034 998 1178 1072 maxima
1195 1013 1268 1072 erat

251 1083 416 1166 solitudo:
445 1092 640 1189 Jovquue
672 1094 711 1170 A
737 1097 885 1190 reliquos
909 1097 1036 1182 Deos,
1060 1096 1117 1191 qui
1138 1095 1268 1170 Messe·

249 1187 334 1260 niam
362 1187 475 1286 usque
508 1195 549 1264 ad
575 1191 628 1266 illa
654 1211 808 1285 tempora
842 1191 1081 1275 servaverant,
1115 1191 1269 1266 adhibuit

245 1286 420 1359 custodes.
462 1289 542 1362 Post
564 1289 637 1364 haec
662 1289 760 1362 nodie
783 1294 923 1382 quadam
945 1287 1131 1383 procellosa
1156 1287 1270 1363 russo·

244 1387 303 1458 des
319 1382 545 1461 deseruerunt
559 1385 715 1480 praesrdia.
755 1389 799 1458 Irl
813 1386 892 1460 cum
906 1412 966 1482 per
979 1387 1148 1483 passorem
1163 1407 1272 1484 quen·

243 1485 324 1556 dam
359 1480 592 1579 intelligerent
626 1483 897 1569 Lacedaemonii,
928 1493 1048 1561 eedem
1078 1488 1181 1560 noete
1207 1505 1270 1579 prr

243 1577 406 1652 tenebras
431 1582 595 1656 invadunt
616 1577 861 1657 Messeniorum
884 1607 1006 1656 arcem.
1048 1584 1160 1675 Quod
1184 1581 1269 1656 clun
1410 1623 1415 1634 ·

243 1675 453 1772 percepisset
489 1679 747 1762 Aristomenes,
773 1682 866 1757 venit
894 1703 975 1754 cum
1009 1682 1137 1777 Gorgo
1171 1679 1245 1752 silio
1257 1725 1272 1760 ,

244 1776 411 1849 Theoclo
442 1794 551 1861 vate,
579 1775 773 1859 Mauricio,
805 1777 955 1852 Theocli
988 1776 1096 1860 silio,
1125 1778 1165 1854 u
1188 1777 1272 1852 aliis.

246 1873 373 1948 Nodiu
407 1875 550 1966 quidem
583 1875 665 1947 nihil
690 1878 854 1950 memoria
887 1877 1030 1972 dignum
1057 1872 1099 1947 ab
1126 1873 1279 1968 utrisque

249 1969 468 2066 eugelium.
509 1973 595 2045 Otta
616 1991 728 2047 autem
747 1974 847 2054 lure,
862 1971 941 2046 clim
964 1969 1110 2042 invicem
1134 1967 1167 2040 se
1188 1969 1275 2061 aspi·

251 2091 328 2140 cere
355 2064 514 2159 possent,
541 2068 768 2142 Aristomenes
793 2069 967 2148 Messeniis
992 2066 1165 2141 oraculum
1191 2089 1275 2160 pro·
1418 2062 1419 2067 ’

253 2164 390 2254 prlavit.
435 2166 509 2258 Qui
530 2167 563 2236 in
585 2188 770 2242 extremam
792 2168 1059 2260 desperationem
1083 2165 1217 2237 addudli
1236 2164 1273 2236 in

261 2259 558 2345 Lacedaemonios‚
581 2290 650 2358 quo
674 2262 815 2360 quisque
832 2268 941 2360 potuit
966 2265 1093 2344 modo,
1109 2261 1276 2355 impeturn

263 2355 423 2431 seremnt.
461 2357 635 2435 Messenia
660 2362 743 2435 item
770 2367 927 2438 mulieres
953 2379 1122 2456 correptas
1145 2359 1275 2457 tegulas

263 2450 305 2528 ἀ
333 2449 404 2527 saxa
425 2457 550 2552 aliaque
577 2461 609 2531 in
641 2462 918 2535 Lacedaemonios
942 2460 1188 2557 jaculabanturr
1218 2457 1276 2529 sed

258 2546 482 2631 imbrium&
501 2556 679 2653 fulgurum
705 2560 863 2633 violentia
886 2560 1005 2629 oculos
1029 2554 1279 2627 Messeniorum

257 2648 462 2724 obcaecabat.
506 2655 598 2744 Quae
634 2654 747 2726 omnia
779 2655 1121 2727 Lacedaemoniorum
1148 2653 1279 2724 animur

256 2765 448 2823 erexerunt.
486 2749 643 2824 Messenii
667 2770 777 2822 tamen
804 2771 918 2821 contra
941 2746 1078 2819 fatalem
1105 2746 1281 2819 necessita·

256 2863 329 2916 tem
353 2847 436 2919 totis
462 2846 589 2921 viribus
614 2847 769 2943 agebant.
815 2848 907 2918 Tres
928 2846 1040 2939 itaque
1065 2842 1136 2917 dies
1165 2862 1281 2919 contra

257 2943 542 3017 Lacedaemonios
568 2945 748 3027 steterunt,
769 2943 958 3019 &totidem
981 2942 1113 3014 nosses.
1152 2944 1282 3014 Prodiit
1345 3026 1349 3035 ¹

258 3040 373 3135 itaque
395 3060 488 3115 vates
512 3040 715 3125 Theoclus,
734 3040 1037 3117 &Aristomenem
1060 3038 1103 3113 stc
1127 3040 1176 3113 ess
1197 3039 1282 3111 allo·

259 3152 408 3229 quutus:
424 3137 522 3230 Quid
536 3139 652 3215 smslra
671 3138 823 3215 laboras?
847 3140 933 3232 Capi
948 3136 1136 3212 Messenam
1148 3134 1284 3227 prorsus

259 3257 351 3307 nunc
372 3234 473 3310 fatale
497 3235 555 3307 est.
599 3237 722 3313 Vidisti
737 3237 951 3331 caprificum,
967 3233 1096 3325 Apollo
1109 3232 1285 3338 praedixit,
1312 3238 1319 3285 ἰ

259 3331 347 3405 mibi
375 3355 597 3407 communem
619 3360 698 3406 cum
722 3336 825 3427 patria
848 3352 994 3405 mortem
1015 3331 1115 3400 Deus
1137 3335 1286 3403 intentat.

260 3428 322 3501 Tu
338 3446 375 3499 te
397 3430 507 3524 ipsum
521 3473 533 3513 ,
546 3429 760 3527 reliquosque
772 3432 958 3503 Messenios
970 3425 1073 3499 serva.
1098 3422 1188 3497 Huc
1206 3424 1286 3501 crint

261 3524 426 3609 dixisset,
449 3528 483 3601 in
508 3527 621 3603 bosles
654 3529 785 3605 irruit,
814 3551 900 3622 quos
925 3523 970 3596 lic
1000 3522 1048 3597 esi
1070 3522 1289 3619 alloquutus:

263 3622 377 3718 Atqui
402 3649 473 3698 non
493 3626 658 3721 perpetub
684 3624 749 3699 leti
775 3623 1018 3700 Messeniorum
1044 3621 1165 3714 opibus
1192 3622 1288 3695 frue-

259 3722 369 3793 mini'
411 3722 491 3795 Poll
523 3722 595 3797 haec
617 3721 805 3817 irruptione
832 3718 1130 3804 inhonestam,
1166 3722 1291 3793 multos

259 3819 418 3901 occidit,
442 3820 481 3895 dt
504 3819 573 3913 ipse
588 3820 732 3894 interiit.
775 3817 960 3894 Messenios
985 3814 1004 3891 i
1026 3842 1140 3911 pugna
1164 3840 1289 3889 avoca·

257 3916 311 3989 vit
340 3915 592 4013 Aristomenes,
623 3919 747 4013 quibus
772 3919 957 4011 praecepit‚
981 3935 1019 3987 ut
1049 3914 1083 3988 se
1111 3912 1289 4020 sequeren-

257 4010 522 4111 tunsionem
548 4014 616 4111 ipse
643 4013 1012 4190 transitumGpraeberet.
1060 4010 1289 4119 congregant
1351 4089 1355 4094 ,

814 4162 819 4171 .
862 4134 888 4208 4
923 4138 926 4145 ·
1084 4126 1089 4142 ·
1182 4121 1288 4198 igitur
