3175 4825
352 493 611 566 nrcrrrr
649 493 905 568 Euuuenn
943 450 1142 578 XXVII.l
1203 504 1252 600 83

233 633 319 680 cere.
371 611 440 687 Sed
462 613 485 686 si
507 639 575 711 ego
602 613 703 688 essem
736 617 770 687 in
795 615 859 690 hnc
889 616 1046 698 sententia
1071 628 1114 696 de
1134 621 1252 702 cubito

237 709 1249 894 illidit?uiridi?‘'ii“nl'i‘il‘iedssm‘fiif

243 899 293 990 ius
314 903 437 979 cubitus
456 862 581 980 sinistra
603 929 835 1002 premeretur:
859 911 975 984 dextra
998 915 1090 986 euim
1110 865 1248 1013 ig’imue

244 1000 389 1094 quidquid
416 1001 486 1074 tive
516 1006 623 1088 boni,
652 1005 719 1079 sive
744 1007 824 1080 mali
848 1007 991 1102 agimus.
1037 1011 1112 1082 Nisi
1136 1016 1248 1090 mrsue

238 1095 360 1186 obiicias
388 1098 548 1172 linillram
573 1103 754 1176 malefadlis
779 1104 941 1191 attribui,
964 1108 1116 1180 dextram
1136 1110 1250 1184 'bene-

233 1189 324 1268 nois.
370 1201 441 1268 Sed
474 1217 587 1272 tamen
609 1199 662 1273 his
689 1199 848 1278 umidis,
879 1228 949 1300 ego
981 1205 1101 1296 potius
1123 1207 1157 1276 in
1186 1207 1247 1282 hac

232 1286 293 1363 snm
320 1291 514 1374 sementia,
545 1314 584 1369 ut
610 1300 744 1370 credam
773 1295 924 1372 cubitum
952 1302 985 1372 in
1011 1302 1078 1375 hoc
1104 1303 1247 1376 emble·

231 1409 312 1461 mate
342 1416 413 1463 non
435 1393 524 1466 sumi
552 1417 615 1485 pro
642 1393 768 1466 brachii
799 1393 914 1470 cubito
932 1421 954 1468 t·
972 1398 1029 1471 sed
1057 1423 1122 1492 pro
1149 1427 1246 1496 qun·

233 1489 302 1557 dam
329 1488 492 1563 mensura
513 1513 659 1586 genere,
677 1493 735 1585 qui
760 1488 894 1567 cubitus
917 1494 1036 1571 dicitur
1060 1501 1151 1590 apud
1178 1500 1247 1576 Vi·
1333 1525 1340 1535 ·

233 1584 375 1658 truvium
413 1587 451 1662 ὅ(
488 1590 602 1672 alios,
638 1585 762 1666 Graeeie
791 1594 909 1675 *ittet
941 1591 1088 1668 Lulitani
1119 1611 1245 1671 vocant

233 1685 324 1756 ruodo
347 1687 534 1792 penult‘una
555 1703 720 1778 correpta.
763 1687 884 1780 Itaque
910 1687 965 1759 illa
988 1689 1113 1773 verba,

319 1783 473 1856 Continet
497 1781 541 1858 (9'
571 1781 709 1855 ruditum
736 1781 884 1880 duraque
898 1781 1013 1874 sraeno
1037 1801 1146 1862 monte.

235 1872 279 1949 Sic
310 1879 541 1975 interpretor:
579 1876 735 1954 Nemesis
763 1903 830 1954 una
857 1879 986 1956 tantum
1011 1905 1114 1957 manu
1144 1882 1242 1962 simul

235 1969 265 2046 lt
299 1975 452 2052 cubitum
496 1978 589 2072 (hoc
626 1975 673 2050 est
710 1973 844 2072 virgam
882 1976 972 2051 illem
1005 1978 1243 2073 mensorium)

233 2067 430 2236 &liranum
470 2075 645 2158 continet,
669 2075 764 2168 quod
795 2074 940 2147 declarat
970 2076 1112 2154 ultimus
1140 2075 1245 2152 verfi-

234 2191 347 2248 ‘ulls'

327 2269 369 2338 Et
387 2269 478 2362 jubet
503 2269 539 2342 itt
564 2265 687 2343 eunllis
712 2263 807 2339 rebus
833 2264 938 2363 odeffe
963 2273 1106 2348 modion:

232 2357 319 2434 Hoc
339 2361 402 2441 est,
424 2365 543 2458 iubet,
567 2383 604 2439 ut
627 2363 708 2439 adlit
732 2364 885 2439 mensura
911 2384 986 2443 tum
1010 2368 1133 2455 fastis,
1164 2384 1240 2449 lum

229 2458 341 2531 diffie.
386 2461 537 2560 Denique
562 2462 587 2534 li
612 2466 734 2539 Graeca
759 2464 1033 2559 epigrammata,
1058 2488 1136 2563 quae
1173 2472 1240 2541 ed·

177 2582 178 2585 ¹
223 2557 324 2629 ducit
354 2557 537 2643 Erasmus,
569 2586 648 2634 cum
679 2560 798 2633 Latina
827 2560 981 2634 verlione
1007 2566 1051 2635 ad
1083 2566 1239 2657 unguem

221 2655 491 2741 examinaveris,
524 2682 593 2731 non
619 2655 772 2732 dubito,
801 2657 882 2748 quin
912 2659 1021 2729 libens
1054 2660 1168 2731 venias
1202 2659 1238 2731 in
1349 2729 1356 2745 ,

223 2754 363 2827 nollram
384 2752 469 2827 lunc
491 2754 697 2830 sententiam.
740 2752 859 2844 Quam
879 2750 905 2824 li
928 2751 1098 2850 sequeris,
1118 2776 1239 2829 emen-

223 2850 308 2923 dabis
330 2852 514 2945 prorutam.
670 2928 674 2933 ,

261 2947 472 3117 Ntmrfissque
496 2950 638 3042 virum.)
665 2947 822 3049 Nemesis
842 2947 971 3042 ΙΝοᾶὶίς
995 2947 1063 3024 filia
1086 2950 1185 3034 fuir,
1198 2964 1239 3027 ul

222 3048 313 3119 tradit
335 3048 399 3121 He
414 3051 514 3121 rodus
530 3052 563 3120 in
579 3048 806 3149 Theogonia,
827 3049 923 3141 eujus
938 3048 1040 3122 verba
1059 3046 1155 3135 sunt,

262 3146 347 3214 risere
372 3146 411 3214 di
438 3148 465 3243 tt]
496 3144 638 3235 Νέμεσιν,
662 3147 753 3239 veiim
780 3147 897 3219 turolte
925 3151 1068 3241 βροτοῖσι,

256 3248 329 3339 Νύξ
357 3248 439 3316 duel,
630 3245 712 3318 Hoc
738 3244 810 3339 est,
1034 3250 1039 3257 '
1174 3331 1183 3352 .

256 3345 374 3418 Nolle
392 3344 473 3432 soto
500 3339 696 3437 tJlNenrtfis
711 3346 862 3415 domuum
884 3335 1076 3411 mortalibus
1097 3347 1215 3432 aegrrsr

214 3432 333 3515 latine
363 3439 458 3513 sonat
481 3440 694 3537 indignatio,
722 3462 822 3532 quam
852 3434 956 3513 veluti
981 3434 1141 3507 virtutem
1169 3430 1239 3506 lau·

212 3536 263 3607 det
287 3537 450 3611 Arillotu
465 3536 498 3609 in
522 3538 579 3611 lib.
606 3538 646 3610 de
667 3534 831 3619 moribus,
846 3535 885 3611 dr
907 3532 997 3606 alibi.
1036 3530 1096 3601 De
1113 3554 1178 3626 qua
1192 3527 1240 3603 lic

208 3631 306 3710 Puro
337 3638 377 3709 in
404 3636 501 3711 libris
525 3640 566 3711 de
591 3634 772 3733 Legibus,
799 3632 948 3708 Levium
963 3632 965 3638 ’
980 3627 1235 3723 volatiliumque
1287 3677 1290 3683 -

206 3734 403 3809 verborum
422 3724 611 3831 gra'viffima
627 3734 780 3805 imminet
800 3751 914 3824 poenr.
961 3726 1054 3801 Nam
1080 3726 1237 3799 omnihus

201 3831 393 3924 praepostta
433 3831 480 3904 est
517 3830 696 3905 Nemesrsr
734 3828 852 3927 judicii
885 3826 1040 3922 Angelus
1078 3821 1239 3919 hujusce·

201 3934 304 4003 modi
321 3927 497 4021 inspeetor
522 3930 688 4003 omnium.
732 3923 1026 4024 Angelus-aurem
1053 3922 1248 4020 Politianue

197 4026 444 4117 pulcherrime
472 4026 564 4101 illam
595 4024 752 4107 describit
789 4022 826 4092 in
864 4023 1001 4121 Sylva,
1032 4019 1089 4092 eui
1122 4013 1239 4109 titulat

196 4123 372 4208 Mintor
400 4123 471 4209 stc,
