3175 4825
346 311 419 407 524
514 312 851 392 'connino
890 332 956 413 ttr¹
986 314 1154 386 Aaou:

345 442 537 539 segetibus,
564 469 643 541 quas
667 449 800 540 quando
827 443 951 515 virides
976 441 1155 522 videmus,
1185 435 1357 533 speramus

345 540 416 614 illas
431 545 488 634 ad
523 543 746 616 maturitatem
774 561 997 632 perventuras.
1047 538 1136 610 Haec
1168 535 1357 613 subindicat

347 637 497 712 Aleiatus
520 641 553 709 in
580 641 638 712 illo
663 640 865 712 emblemate
894 637 936 708 de
961 635 1158 716 coloribus,

350 741 352 748 '
393 735 470 810 Nos
485 735 619 832 sperare
643 735 733 809 dotet
758 735 896 814 viridis,
907 732 984 831 spes
1008 735 1131 806 dicitnr
1151 730 1211 828 effe

402 891 404 898 .
444 836 486 903 ln
512 833 634 914 viridi,
656 834 779 927 quoties
804 832 900 902 irrito
929 830 1142 902 retrocedit.

394 925 497 1018 Quod.
517 931 609 1000 vivos
625 929 760 1026 sperare
789 929 920 1019 deret.)
946 929 1000 996 Sir
1028 927 1178 1006 ordino,
1203 924 1356 998 Praecido

347 1021 481 1114 sepultis
507 1026 611 1110 illud,
636 1029 727 1119 quod
756 1028 851 1096 decet
878 1021 1010 1115 sperare
1039 1023 1154 1096 vivos:
1181 1023 1356 1110 utillud,

322 1117 463 1213 squod,
489 1119 526 1192 lit
551 1123 585 1192 in
610 1121 783 1194 accusandi
808 1118 904 1200 casu,
928 1143 996 1190 nou
1023 1121 1232 1193 adverbium.
1273 1117 1364 1190 Poll·

347 1241 494 1298 mortem
527 1219 615 1290 enim
639 1221 727 1291 nulla
758 1217 805 1289 ell
827 1215 921 1304 spes,
948 1242 1049 1310 quam
1073 1221 1158 1292 dutn
1183 1216 1356 1298 vivimus,

348 1316 440 1388 nullo
466 1317 562 1406 paeto
587 1317 777 1388 amittimus.
812 1313 1040 1393 Theocritus,
1078 1392 1081 1397 4

347 1507 369 1578 Ι
395 1411 524 1487 danlae
547 1417 578 1484 de
604 1415 728 1507 ζωοῖσιν,
757 1408 909 1496 minute-or
936 1411 976 1497 dli
1005 1410 1135 1488 dolrorroe.

372 1510 499 1594 desi,
654 1529 664 1537 ’
795 1587 797 1590 ,
835 1514 837 1517 ’
1074 1586 1076 1593 y
1182 1567 1187 1576 .

397 1609 438 1678 In
465 1608 554 1679 vivis
578 1604 621 1704 est
641 1607 739 1704 spes,
758 1604 831 1703 fine
849 1605 911 1705 spe
926 1606 1005 1695 sunt
1031 1607 1159 1678 mortui.
1235 1647 1240 1658 ·

348 1699 440 1776 Vide
466 1704 642 1800 adagium,
666 1709 798 1799 AEgro,
826 1708 901 1776 dum
919 1708 1028 1777 anima
1049 1698 1113 1796 est,
1129 1702 1209 1800 spes
1229 1699 1284 1798 esi.
1310 1738 1312 1741 ·

396 1801 464 1872 Cur
480 1803 514 1872 in
532 1803 643 1874 dolioli
659 1802 835 1898 regmine.)
849 1801 917 1873 His
935 1802 1040 1873 tribus
1058 1799 1257 1872 carminibus
1272 1817 1355 1871 tan-

349 1893 398 1987 git
425 1890 596 1983 fabulam,
622 1924 721 1991 quam
749 1895 920 1970 Hesiodus
944 1896 1051 1990 posuit
1076 1897 1111 1968 in
1134 1899 1191 1970 lib.
1208 1917 1237 1969 1.
1266 1899 1354 1992 {pm

348 1992 513 2088 direptio.
557 1999 673 2088 Quam
705 1998 781 2087 quia
804 1991 933 2086 prolixi:
947 1997 1011 2066 'ille
1039 1993 1086 2066 est
1112 1991 1353 2088 prosequutus,

348 2091 450 2176 latiiu'
469 2095 549 2168 duxi
570 2093 751 2164 Lediorem
774 2092 851 2165 illuc
873 2093 1065 2176 remittere,
1088 2091 1265 2185 praelibatis
1280 2111 1354 2166 tan·

347 2191 545 2274 tummodo,
572 2214 646 2280 quat
666 2188 732 2258 huc
757 2185 962 2294 pertinebant
987 2187 1071 2266 lic,
1158 2259 1164 2272 ,

259 2287 268 2316 ”
397 2283 521 2358 Vivere
546 2287 639 2358 dulce
654 2283 725 2376 fuit
745 2289 922 2382 quondam:
939 2285 1001 2374 sed
1023 2308 1148 2380 tegmen
1168 2287 1209 2359 ob
1228 2311 1330 2373 rma,

396 2381 488 2452 Dum
513 2381 670 2457 Pandora
694 2382 808 2462 levat,
830 2402 932 2454 totum
957 2381 1089 2457 exiliere
1105 2404 1164 2480 per
1184 2385 1291 2460 orbem

275 2548 283 2561 ,
396 2479 554 2552 Curatum
578 2478 704 2567 inferire
721 2475 872 2577 effigies:
889 2478 964 2577 spes
980 2482 1055 2571 sola
1077 2481 1225 2577 remortsst

397 2576 513 2653 Intus,
535 2576 576 2655 (5
601 2573 618 2647 ὲ
641 2575 829 2650 labris-ima
845 2575 909 2664 sub
932 2600 1026 2675 porte
1049 2579 1186 2668 resedit:

398 2671 529 2765 Obstitit
559 2670 736 2770 impofttton
757 2698 830 2745 nom
858 2697 984 2771 regmen
1007 2676 1095 2748 obire
1118 2676 1252 2747 volenti.

350 2768 504 2844 Erasmus
528 2770 561 2841 in
583 2772 724 2864 adagio,
755 2773 854 2842 Malo
878 2770 1006 2869 arrepto
1015 2768 1257 2865 stultussapin
1276 2794 1356 2843 oar·

349 2884 398 2939 rat
424 2864 507 2939 hanc
533 2866 702 2948 fabulam,
727 2866 782 2937 sed
803 2868 955 2951 concise,
980 2869 1017 2941 de
1044 2870 1102 2962 qui
1126 2870 1275 2939 videatur
1299 2866 1356 2939 in·

253 2986 257 2999 ·
349 2982 452 3034 nuere
477 2962 713 3055 Epimetheum
741 2962 899 3055 aperuisse
925 2963 1072 3057 pixidem
1099 2962 1151 3057 (st
1175 2964 1262 3056 pistis
1282 2989 1354 3034 vo-

351 3061 492 3132 candum
517 3058 563 3131 est
590 3083 645 3131 vas
670 3058 784 3139 illud,
816 3063 908 3149 quod
932 3059 1055 3130 'omnia
1082 3060 1166 3136 mala
1197 3060 1354 3132 rontine-

350 3156 432 3245 bat,
457 3155 494 3229 ἃ
521 3181 590 3229 nou
621 3153 774 3248 dolium)
801 3152 878 3227 citm
910 3151 976 3247 ipsa
1003 3158 1154 3229 Pandora
1182 3157 1217 3229 in
1246 3160 1354 3231 domo

350 3254 540 3353 Epimethei
563 3270 732 3347 repertum
755 3275 811 3325 vas
834 3253 971 3352 aperuit.
1014 3253 1117 3328 Certb
1139 3254 1242 3329 verba
1267 3252 1354 3324 He-

351 3350 433 3424 fiodi
458 3376 527 3429 non
549 3351 710 3439 indicant,
731 3372 788 3423 vas
811 3349 892 3423 illud
915 3346 1006 3453 polle
1034 3344 1151 3425 Latin'e
1170 3351 1236 3425 dici
1257 3350 1355 3444 pitti-¹

351 3452 428 3519 (lem
445 3486 469 3525 ν·
537 3484 540 3489 ’
718 3521 720 3525 ⁴
1021 3504 1025 3511 -
1209 3475 1210 3480 ’

400 3539 481 3614 iud
505 3542 573 3627 yarir
600 3551 742 3638 plepem,
765 3547 848 3620 tribe
876 3547 958 3631 μόμ
979 3551 1074 3640 eripere
1099 3542 1244 3629 ἇφνλὸσα.

350 3637 436 3716 Hoc
473 3642 544 3725 eli,
576 3644 639 3717 Sed
667 3646 779 3717 mulier
813 3647 958 3716 matribus
990 3669 1140 3739 magnum
1170 3646 1354 3742 operculum

352 3736 502 3828 auferens
522 3738 589 3814 &o
636 3740 727 3816 Vide
758 3739 968 3813 Plutarchum
992 3741 1028 3811 in
1055 3742 1279 3831 Consolatione
1308 3746 1356 3815 nd

352 3834 572 3931 Apollonium.
597 3838 841 3929 Moschopulus
859 3837 893 3905 in
908 3834 1100 3909 Hesiodum
1121 3840 1255 3935 Satyros
1274 3842 1356 3911 dicit

253 4030 255 4033 Ι
349 3936 478 4009 dolium
492 3929 613 4007 dedisse
631 3934 858 4028 Epimetheo,
870 3952 944 4009 aute
958 3936 1118 4012 Pandora
1134 3938 1329 4014 adventum.

1268 4032 1362 4127 Qua

776 4336 778 4339 ,
883 4281 934 4336 s
