3175 4825
433 435 953 512 sacramentalem.
989 433 1060 514 VI.
1195 453 1246 532 ιτ

265 563 449 642 versutiam
471 587 573 663 typam
591 566 701 666 babet
722 569 891 669 Babylon,
914 591 988 662 quae
1009 565 1162 662 gentibus
1185 591 1247 642 eu·

265 689 327 738 reo
350 664 462 755 pocula
480 665 634 738 inscitiam
663 669 836 758 propinete
865 668 953 740 unde
981 663 1141 738 scelerum
1163 687 1247 738 mort

264 787 385 856 agmen
405 763 579 851 promicet,
612 761 653 836 &
677 771 828 838 erratum
855 762 1118 858 inexpugnabilis
1150 763 1247 836 acies.

187 864 189 877 ”
268 859 365 950 Apud
383 856 577 947 Hieremiam
605 877 746 956 ccp.51.
781 862 825 935 fic
852 862 1043 931 adnotatum
1073 861 1247 955 comperi,

265 955 353 1026 Calcat
371 981 476 1030 aereus
488 957 653 1051 Babylon
677 960 711 1030 ia
728 983 822 1033 manu
837 956 974 1030 Domini
997 955 1158 1030 inebrians
1178 981 1246 1030 am·

259 1075 326 1122 nem
350 1076 466 1128 terrena
505 1057 601 1130 Sunt
635 1057 694 1148 qui
728 1055 888 1128 sermonis
921 1069 1075 1126 ornatum
1109 1051 1151 1124 ste
1181 1051 1247 1126 dici

255 1149 440 1242 concipiant:
466 1178 536 1246 quo
561 1150 658 1224 vitiis
675 1152 880 1224 inebrientur
905 1173 1044 1233 omnes,
1065 1150 1122 1242 qui
1144 1147 1181 1222 fit
1202 1167 1248 1222 ta·

251 1270 321 1318 naen
339 1253 370 1318 in
392 1272 491 1321 mann
516 1247 674 1321 Domini
705 1249 883 1321 Pontificio
912 1244 1115 1320 constitutus.
1160 1247 1248 1320 Ori-

248 1368 363 1435 genee:
384 1345 569 1442 Babylonis
597 1343 762 1440 (inquit)
790 1345 928 1428 calicem
952 1363 1092 1416 aureum
1116 1345 1252 1434 accipe,

248 1442 432 1535 dogmatum
446 1465 645 1537 pravorum
659 1442 761 1515 verba
780 1441 950 1534 pestifera,
966 1441 1163 1536 eloquentiae
1178 1441 1250 1514 cul·

246 1555 279 1610 tu
302 1541 427 1613 decora.
464 1540 636 1613 Omnino
661 1563 720 1628 per
743 1539 929 1632 parabolam
951 1537 969 1608 'a
989 1539 1156 1630 Propheta
1183 1535 1250 1610 dici

243 1658 280 1704 ea
300 1634 400 1710 scribit
424 1639 607 1710 Nicolaus
631 1636 845 1731 Theologus.
886 1633 1028 1706 Indicaci
1050 1649 1162 1710 aulem
1187 1633 1249 1708 Ba-

246 1728 365 1826 bylan'u
388 1759 540 1830 regem:
568 1733 601 1806 is
624 1731 672 1803 est
698 1736 756 1825 (ut
778 1735 884 1828 inquit
909 1729 1102 1840 prigenes)
1127 1729 1251 1806 Nabu-

243 1827 460 1919 cbadanosor,
482 1831 549 1926 qui
575 1829 732 1925 gentibus
752 1831 934 1902 innumera
954 1829 1136 1922 propinarit
1159 1851 1250 1902 moe·
1285 1829 1288 1834 ’
1359 1911 1365 1921 ¹

243 1927 317 2000 roris
338 1949 500 2021 potum,
536 1923 679 2020 superbi:
705 1953 742 1998 ac
772 1929 973 2006 crudeliter,
1006 1927 1097 2018 quod
1123 1925 1250 1996 domini

243 2018 330 2095 fiebat
350 2029 505 2106 virtute,
521 2023 584 2097 sabi
607 2025 814 2120 arrogantius
834 2021 1029 2096 adscribens.
1067 2021 1175 2113 Quod
1192 2045 1251 2094 au·

240 2135 302 2190 tem
316 2124 354 2194 ad
368 2126 550 2213 pifiluram
574 2121 675 2216 hujus
697 2121 812 2193 attinet
832 2117 1057 2203 emblematis,
1075 2117 1172 2190 latius
1192 2143 1251 2192 ex·

180 2265 184 2273 .
244 2215 366 2301 plicatur
384 2221 420 2290 in
447 2220 514 2290 lib.
535 2213 753 2314 Apocalypjir
772 2220 820 2290 D.
832 2219 851 2298 J
854 2217 988 2296 oannis,
1010 2235 1140 2313 cap.17.
1178 2216 1252 2291 Cu·

249 2306 298 2398 ius
314 2314 406 2390 verba
429 2316 509 2388 huc
537 2315 670 2398 retuli,
698 2333 734 2385 ut
758 2313 874 2405 pallim
902 2313 1081 2410 leguntur,
1112 2317 1156 2384 Ec
1181 2311 1251 2388 alla·

250 2409 403 2483 merem
421 2414 594 2498 sedentem
612 2410 712 2507 saper
738 2410 866 2507 bestiam
894 2414 1100 2496 coccineam,
1121 2414 1250 2505 plenam

245 2506 382 2577 maaian
404 2508 628 2605 blasphemiae,
650 2509 815 2580 habentem
837 2510 945 2603 capita
953 2508 1096 2603 septem,
1119 2506 1160 2583 θ
1178 2532 1253 2581 car-

241 2622 310 2671 nua
343 2608 464 2676 decem
507 2608 555 2676 Ec
588 2606 703 2697 mulier
728 2628 797 2677 erar
828 2604 1016 2679 circundare
1036 2622 1184 2697 purpura
1209 2600 1279 2677 (7·

241 2701 405 2781 racemo,
431 2702 472 2777 (J
498 2696 655 2773 inaurata
687 2726 767 2771 aura
799 2700 841 2775 (5
868 2700 975 2795 lapide
1003 2698 1176 2790 pretiafia,
1211 2696 1253 2773 (5

244 2798 455 2895 nargaricc‘r.
472 2797 591 2870 labeas
609 2800 761 2895 paraliam
779 2820 914 2866 aureum
934 2796 968 2867 in
989 2792 1160 2882 manustra
1180 2794 1253 2889 ple·

250 2913 312 2964 rum
330 2894 602 2977 abominatione,
624 2894 667 2971 (7'
687 2891 890 2965 immunditia
904 2889 1136 2982 fornicationis
1159 2896 1253 2987 ejas.-

253 2982 327 3064 Uin
335 2991 465 3083 france
486 2992 557 3083 ejas
580 3016 691 3065 nomen
705 2993 884 3088 scriptum,
905 2986 1117 3089 Myflerium,
1139 2990 1252 3090 Baly-

250 3078 299 3153 ltm
316 3114 463 3187 magna,
486 3110 601 3162 mater
610 3089 889 3183 fornicationum,
911 3086 952 3164 lb*
981 3087 1253 3163 abominationum

243 3196 346 3257 mre.

281 3283 466 3380 Purprcreo
482 3278 637 3382 infigncm
646 3286 748 3383 gestat
768 3288 887 3360 tonare
903 3282 1071 3381 peplum.)
1095 3281 1254 3375 Peplum,

238 3370 296 3451 seu
320 3384 464 3478 prpitts:
490 3386 745 3475 utroqueenim
768 3385 876 3457 modo
903 3382 1043 3456 dicitur,
1070 3374 1151 3445 teile
1174 3374 1258 3479 Cae-¹

237 3473 308 3557 ¹502
333 3477 433 3555 vestis
461 3478 508 3559 eil
530 3480 713 3550 mulierum
734 3480 891 3573 proprie,
915 3498 951 3550 ut
976 3489 1110 3548 annotat
1135 3470 1253 3547 Eusta-
1357 3481 1360 3493 '

233 3570 342 3648 thiu&
386 3577 488 3649 Unde
511 3577 550 3650 δί
567 3582 770 3655 Bellintum,
797 3578 832 3655 ὅ(
858 3568 1127 3651 namtarum&
1147 3574 1253 3643 lanal-

229 3694 374 3755 mnar,
397 3675 435 3751 δι
465 3676 664 3756 naiman-r,
689 3675 870 3752 mulierum
897 3670 1040 3765 epitheta
1068 3666 1139 3743 lunt
1164 3671 1253 3761 apud

229 3766 455 3845 Homerum.
481 3774 665 3865 Euripedes
679 3793 792 3851 tamen
814 3773 894 3845 viris
909 3768 1008 3841 etiam
1024 3764 1149 3841 tribuit.
1175 3770 1253 3838 Sec·

226 3870 319 3940 vius
339 3869 510 3943 Minervae
519 3870 751 3948 ‘consecratam
766 3866 861 3945 faitle
881 3867 976 3943 tradit
994 3866 1142 3943 Pallam.
1157 3861 1253 3957 super

223 3963 300 4037 illo
325 3964 474 4060 Vergilii
498 3964 619 4045 versu,
1346 4050 1349 4057 Ι

282 4063 450 4141 Crinibus
471 4062 598 4139 Iliades
615 4064 738 4162 pallas,
758 4062 945 4161 peplumque
960 4056 1123 4150 serebant.
1221 4104 1224 4113 ·

1177 4152 1256 4225 Erat
1374 4156 1376 4161 '
1409 4128 1423 4193 '3
