3175 4825
410 379 672 457 'Anowrt
711 381 961 456 Buranun.
997 381 1091 457 xlt.
1210 393 1261 476 41

344 502 544 598 Esomptum
570 505 632 579 fuit
656 505 864 601 epigramma
885 505 937 577 vel
958 531 1001 578 etr
1019 507 1073 580 lib.
1087 525 1144 582 11·
1165 501 1261 576 Sexti

364 604 502 694 Pompei
517 603 629 680 Festi.
649 606 705 674 vel
724 628 767 676 cx
781 603 930 697 Vegetio
947 625 979 696 3.
994 605 1033 678 dc
1049 630 1086 677 rc
1104 601 1261 684 militari,

255 717 330 792 cap.
344 700 377 772 6.
417 699 525 773 Verba
556 700 644 778 Felii
668 700 776 772 sunta
811 703 998 773 Minotauri
1022 701 1144 799 effigiet
1174 700 1259 770 inter

252 791 350 889 figna
380 799 532 869 militaria
556 793 623 891 rsit
650 800 800 894 quoniam
824 823 888 870 non
914 796 1017 870 minis
1046 799 1173 870 occulta
1194 791 1260 889 effe

260 891 367 961 deltrnt
388 893 519 988 tanfilia
546 899 692 976 ducum,
717 889 810 988 quan
837 892 908 985 fuit
937 896 1133 968 domicilium
1159 895 1261 988 ejus,

259 988 463 1084 labyrinthus.
511 993 729 1064 Minotaurus
754 1009 889 1084 putatur
917 991 980 1078 elie
1015 993 1148 1086 genitus
1180 987 1260 1060 citm

256 1086 406 1176 Pafiphaii
429 1091 563 1162 Minois
585 1090 675 1184 regis
693 1115 780 1162 uxor
801 1091 920 1160 dicitur
945 1085 1157 1161 concubuilie
1181 1110 1260 1156 cum

253 1180 378 1257 Tauro.
431 1187 500 1258 Sed
527 1183 692 1259 affirmant
723 1186 778 1258 alii
814 1188 971 1258 Taurum
1004 1184 1098 1270 soille
1136 1205 1261 1254 nomen

249 1281 398 1353 adulteri.
443 1284 616 1380 Vegetius
641 1281 694 1354 stc.
735 1281 932 1375 Tutifflmurn
969 1306 1104 1380 namque
1136 1283 1171 1352 in
1201 1305 1262 1351 ex-

247 1379 469 1473 peditionibus
482 1382 625 1453 creditur
636 1378 792 1469 facienda
814 1380 936 1469 nesciri.
976 1383 1029 1454 ot
1054 1381 1114 1459 ltoc
1134 1399 1261 1450 vererer

248 1479 439 1550 Minotauri
453 1477 584 1576 fignum
608 1478 642 1547 in
664 1476 843 1572 legionibus
866 1477 1063 1551 babuerunt:
1090 1499 1124 1550 ut
1150 1499 1261 1570 qutm·

248 1575 420 1646 admodum
447 1578 504 1648 ille
529 1578 565 1647 in
581 1574 690 1645 intimo
708 1573 749 1648 (β’
762 1571 967 1672 ficareriffimo
992 1575 1180 1667 labyrintho
1204 1572 1260 1643 ab·
1289 1621 1294 1632 ·

250 1668 332 1742 ditus
352 1673 569 1768 perhibetur:
595 1671 641 1741 ita
665 1671 769 1742 Ducis
792 1670 951 1765 confilium
959 1665 1087 1768 'semper
1110 1669 1182 1762 effer
1207 1692 1261 1738 ac·

249 1769 376 1842 canam.
420 1769 514 1841 Hac
535 1768 593 1839 illi.
634 1769 779 1838 Proinde
809 1769 1000 1860 Antigonus
1026 1771 1260 1841 Macedonum

250 1862 324 1937 Rex
351 1867 516 1960 Philippo
546 1864 616 1937 lilio
651 1863 765 1935 multis
797 1863 1011 1957 presentibus
1034 1860 1260 1956 interroganti
1333 1873 1336 1880 ’

248 1986 283 2033 ac
309 1966 459 2048 dicenti,
487 1961 630 2054 Quando
658 1957 759 2055 callia
781 1958 1009 2035 movebimus?
1052 1961 1148 2030 Niltil
1170 1958 1260 2030 aliud

248 2058 443 2152 respondit,
469 2059 594 2153 quim,
621 2061 714 2130 Num
736 2060 868 2140 metuis,
893 2083 932 2130 nt
947 2056 1173 2145 salutariam
1196 2079 1260 2128 non
1313 2121 1316 2126 .

247 2157 388 2230 anaia?
433 2159 569 2230 Notans
602 2153 816 2227 adolescentis
847 2156 1078 2249 imperitiam,
1108 2155 1164 2246 qui
1194 2152 1260 2224 hoc

250 2273 377 2340 panem
409 2255 528 2326 multis
559 2252 767 2327 audientibus
800 2273 1078 2344 percontaretur:
1112 2250 1188 2322 cium
1226 2249 1259 2320 in

200 2361 203 2364 ⁴
255 2347 348 2420 bello
370 2347 513 2424 maximi
535 2350 668 2423 celanda
686 2346 746 2421 lint
767 2349 902 2424 consalin
928 2352 1125 2443 principum.
1161 2349 1260 2419 idem

254 2442 332 2516 ferit
349 2444 386 2519 dt
406 2449 564 2521 Metellus
583 2444 689 2519 senen
730 2448 874 2522 Instante
896 2447 1063 2541 siquidem,
1077 2448 1260 2541 quopiam,

249 2539 294 2615 ὅ(
327 2539 488 2635 ejusmodi
511 2547 592 2639 quid
620 2542 832 2639 efflagitante.
873 2548 909 2621 Si
935 2545 1095 2638 (inquit)
1120 2545 1260 2614 tunicam

245 2664 361 2713 meam
384 2640 479 2737 bajas
500 2643 611 2715 arcani
636 2642 790 2729 consciam
814 2642 1014 2729 arbitrarer,
1038 2634 1185 2709 continui
1212 2638 1260 2705 il-

245 2738 315 2809 iam
342 2761 464 2812 exutus
486 2762 728 2812 concremarem.
779 2739 872 2811 Vide
905 2738 1060 2809 Plautum
1091 2736 1125 2805 in
1147 2732 1262 2806 Milite

247 2836 308 2907 ali.
323 2858 358 2929 3.
379 2837 446 2926 sae.
464 2858 496 2911 1.
526 2860 588 2927 per
613 2838 737 2929 aliquot
763 2834 934 2909 Carmina.

294 2936 432 3006 Limine
457 2958 540 3007 caeco
562 2932 604 3007 (J
628 2932 761 3021 obscura
787 2933 970 3027 caligine.)
996 2928 1191 3024 Periphralis
1214 2925 1262 2999 est

167 3104 168 3108 ,
251 3028 459 3125 labyrinthi,
475 3031 533 3123 qui
557 3046 624 3101 erat
647 3030 819 3111 insueta,
840 3034 881 3101 de
906 3054 972 3118 quo
994 3028 1158 3125 Virgilius
1180 3026 1212 3096 in
1231 3043 1262 3119 ς.

249 3129 435 3201 AEnridos:
465 3130 501 3201 &
520 3118 664 3201 Ovidius
691 3129 724 3201 8.
760 3130 980 3223 Metamorph.
1020 3130 1116 3198 Alius
1140 3123 1202 3196 fuit
1227 3121 1262 3190 in

247 3224 432 3324 AEgypto‚
456 3224 554 3316 cujus
583 3224 755 3319 egregiam
781 3224 1034 3316 descriptionem
1059 3223 1137 3291 vide
1173 3217 1263 3308 apud

167 3385 168 3388 ,
249 3320 379 3415 Pomp.
402 3324 536 3395 Melam
568 3322 624 3393 lib.
641 3321 681 3393 dc
694 3320 761 3415 litu
784 3323 1018 3415 orb.1.cap.9.
1055 3314 1147 3389 Vide
1163 3314 1263 3385 etiam

246 3416 401 3491 Plinium
429 3420 483 3491 lib.
499 3421 554 3510 36.
578 3439 714 3515 cap.13.
732 3416 769 3489 &
786 3420 840 3489 lib.
853 3440 908 3493 10.
926 3436 995 3511 cap.
1008 3432 1042 3507 4.
1170 3476 1174 3485 ,

295 3515 528 3612 Monstrum.)
552 3517 788 3589 Minotaurum
809 3514 982 3607 intellige,
1008 3508 1064 3603 qui
1090 3505 1176 3579 lilius
1199 3506 1262 3581 fuit

244 3612 451 3707 Pasiphaes,
470 3613 601 3705 Minois
615 3611 724 3706 Regis
749 3614 885 3697 uxoris,
898 3612 934 3683 &
955 3608 1082 3691 Tauri,
1097 3622 1134 3679 ut
1151 3608 1261 3697 po'e'tae

242 3710 455 3788 fabulantur.
496 3712 582 3791 Sed,
604 3728 643 3781 ut
668 3710 863 3796 Plutarchus
885 3704 987 3781 alietit
1012 3704 1045 3785 io
1066 3703 1132 3799 vita
1157 3702 1262 3773 Tite-

240 3807 318 3892 sei,
341 3808 540 3899 Paliphaiim
553 3806 714 3882 &lTauci
733 3807 811 3897 (qui
827 3810 896 3877 dux
913 3821 979 3875 erat
993 3801 1100 3898 Regis
1116 3796 1264 3885 Minois)

236 3906 350 3996 filius,
364 3906 431 3979 suit
445 3904 609 3979 adulterio
627 3923 820 3996 conceptus.
862 3899 1013 3975 Monstra
1029 3917 1189 3973 vocantur
1211 3918 1266 3964 er·

240 4026 352 4084 tores
374 4020 511 4083 natura.
549 4000 640 4080 facit
667 4003 756 4082 enim
783 4000 875 4079 caius
899 4020 1048 4079 ertatem
1070 3998 1106 4070 in
1130 4010 1265 4159 anapia}

1196 4106 1266 4155 tcu-
