3175 4825
309 409 531 490 dacrrur
553 416 784 490 Emunrrr.
813 387 1079 493 cxxx'vm.
1149 425 1227 522 269'

213 555 278 604 ceu
299 539 462 612 natalibus
482 540 692 622 restitutum,
715 539 891 612 divinitatis
915 539 985 631 jura
1011 536 1224 634 acquiliville.

217 629 327 722 Cujus
349 637 397 707 rei
420 637 457 712 δι
482 637 646 734 Hyginus
671 638 843 716 meminit,
867 633 903 708 &
929 639 1022 708 Arati
1042 641 1223 730 interpres,

216 727 251 801 ἀ
283 729 345 823 qui
379 734 582 806 collectanea
611 736 660 806 rei
689 733 817 807 rusticae
854 729 1069 806 Constantino
1098 733 1223 810 Caesari

215 823 385 918 inscripsit.
423 823 583 922 Hrricque
608 831 734 903 fanum
758 829 827 908 cll,
853 847 890 900 ut
914 830 1011 899 nothi
1037 834 1078 902 ad
1104 833 1225 929 Cyno-

216 919 344 1017 ssrgem
363 926 421 998 ubi
437 931 601 1021 templum
614 927 660 1017 eil
675 927 852 1008 Herculis,
867 946 1124 1000 exercerentur:
1138 953 1227 1022 quo·

219 1020 306 1090 uiam
326 1021 467 1106 ieDeus
485 1026 547 1098 illia
564 1023 692 1118 praeest.
726 1024 814 1099 Haec
830 1023 989 1099 Alciatus.
1015 1024 1060 1096 Et
1084 1027 1161 1097 citat
1177 1022 1227 1096 ibi

220 1115 519 1215 hocepigramma.
775 1168 777 1171 -
961 1172 964 1178 -
1285 1179 1290 1186 .

264 1216 447 1295 Herculeos
462 1219 610 1317 spurii.)
632 1219 690 1290 De
711 1213 846 1293 nothis,
869 1217 905 1292 &
927 1217 1043 1311 ipuriis
1062 1217 1139 1290 vide
1157 1218 1227 1291 Al·

223 1308 380 1391 ciatum2'
400 1317 458 1408 qui
481 1319 599 1407 praeier
626 1315 740 1388 locum
771 1314 906 1386 citarum
930 1319 1028 1411 lida
1056 1336 1125 1412 cop.
1140 1333 1170 1410 ς.
1190 1315 1228 1392 &

221 1409 275 1478 lib.
291 1429 351 1480 10.
375 1434 442 1506 rap.
453 1415 486 1488 8.
514 1413 705 1509 Parergon,
728 1427 820 1503 putat
844 1413 949 1485 detor
971 1411 1098 1507 spurios
1115 1412 1228 1504 (telli-

221 1506 342 1576 mouio
365 1509 565 1603 Julliniani)
595 1506 684 1604 quast
719 1505 824 1601 vulgi)
851 1529 1052 1601 conceptos,
1089 1505 1228 1604 elgeri

221 1601 376 1687 madar.
413 1607 520 1698 Quod
544 1631 612 1678 non
636 1606 732 1684 valde
754 1602 874 1696 probo.
906 1605 1079 1700 Siquidem
1096 1613 1234 1701 reperio*
1262 1637 1267 1651 ⁸

226 1702 317 1774 aliam
337 1703 424 1794 apud
441 1703 654 1776 Plutarchum
669 1703 932 1780 derivationem,
949 1702 1006 1796 qui
1023 1702 1056 1772 in
1071 1705 1228 1778 Romanis

231 1795 441 1892 quaestionibus
462 1799 506 1874 lic
522 1801 598 1890 ait',·'
609 1798 706 1890 Quid
727 1796 795 1878 eil,
815 1796 907 1890 qudd
922 1821 982 1872 eos
1003 1797 1147 1891 quorum
1169 1827 1229 1897 pa-

232 1914 294 1966 tres
307 1901 514 1994 ignorantur,
526 1896 655 1990 spurios
670 1893 812 1968 vocanti
834 1895 1002 1967 nonenim
1016 1897 1231 1987 quodGraeci

231 1991 461 2086 opinatae&
473 1995 507 2065 in
523 1992 623 2067 caulis
632 1995 784 2065 'oratores
800 1991 932 2071 dicunt,
945 1989 1038 2086 qudd
1048 2012 1099 2063 cx
1116 1993 1230 2066 collu-

227 2095 328 2164 vione
358 2093 500 2186 quadam
528 2091 565 2168 δι
589 2090 721 2162 seminis
749 2089 989 2163 communione
1017 2094 1232 2182 progenerati

228 2187 297 2261 lior.
325 2190 391 2261 Sed
412 2187 458 2260 est
482 2188 620 2284 Spurius
633 2189 720 2259 inter
735 2189 840 2280 prima
854 2188 1011 2264 nomina,
1025 2203 1062 2258 ut
1078 2189 1233 2268 Sextius,

229 2288 411 2362 Decimus,
434 2288 547 2358 Gaius.
581 2287 646 2358 Sed
666 2284 737 2356 lraec
756 2287 861 2376 prima
885 2284 1143 2382 nominaLatini
1163 2311 1232 2359 non

231 2386 361 2481 integra
390 2381 542 2455 scribunt.
590 2383 656 2456 Sed
677 2400 734 2456 aut
759 2405 824 2455 una
853 2381 974 2467 litera,
995 2385 1044 2456 ut*
1060 2383 1105 2453 T.
1121 2383 1160 2457 L.
1174 2387 1230 2460 M.

232 2484 353 2562 Titus,
374 2482 498 2553 Lucius
513 2500 533 2564 ,‘
550 2484 710 2557 Morcus,
742 2499 798 2551 aut
831 2480 990 2563 duabus,
1018 2494 1055 2550 ut
1083 2484 1144 2554 Gn.
1168 2484 1231 2556 Vc.
1274 2484 1289 2505 ²

233 2581 368 2661 Gneus,
393 2578 555 2653 Verrius:
585 2594 641 2653 aut
663 2572 790 2653 tribur,
812 2594 848 2646 ut
874 2580 953 2651 Sex.
975 2580 1047 2649 Ser.
1085 2576 1141 2647 Eil
1159 2580 1232 2673 igi·
1292 2597 1294 2603 ’

233 2694 287 2748 tur
312 2676 451 2771 Spurius
470 2674 555 2745 inter
574 2698 612 2746 ea
635 2673 744 2765 prima
766 2673 922 2771 nomina,
949 2696 1024 2764 quae
1044 2670 1172 2745 duabus
1194 2676 1234 2745 li-

233 2774 312 2847 teris
327 2790 488 2845 'notantur
511 2771 585 2846 S&
605 2773 641 2843 P.
662 2766 800 2862 Quibus
818 2769 916 2839 etiam
931 2766 1033 2849 orbos
1047 2770 1235 2858 parentibus

232 2868 398 2953 scribunt,
418 2864 495 2940 ciam
511 2865 579 2941 fine
593 2888 686 2961 putre
707 2862 770 2935 effe
792 2863 928 2945 dicunt,
944 2888 1005 2957 per
1029 2866 1061 2935 S⁴
1078 2860 1161 2935 fine:
1177 2890 1235 2959 per
1321 2916 1332 2931 .

232 2990 267 3057 p.
282 2960 418 3058 ‘patrem
448 2963 673 3059 significantes.
723 2960 805 3033 Hoc
829 2962 932 3055 igitur
963 2984 1109 3033 errorem
1136 2958 1240 3046 fecitfi

233 3063 330 3154 quod
353 3061 419 3133 fine
445 3062 587 3152 patre&
603 3060 728 3152 spurius
755 3054 879 3131 eisdem
905 3058 1004 3131 literis
1029 3076 1236 3131 annotantur.

233 3159 328 3231 Haec
347 3157 549 3231 Plutarchus.
590 3156 750 3229 Meminit
772 3155 809 3230 ὁὶ
832 3155 986 3228 Erasmus
1007 3155 1108 3247 hujus
1131 3157 1180 3226 rei
1195 3156 1237 3226 ‘in

234 3257 382 3353 adagio,
401 3259 456 3327 Ne
469 3256 575 3351 putris
587 3278 698 3327 nomen
720 3252 847 3351 quidem
864 3254 971 3326 dicore
984 3252 1085 3346 poffltr
1283 3256 1286 3261 '

283 3358 362 3427 Nec
377 3354 471 3450 prius
485 3345 544 3444 effe
556 3353 682 3439 Deus.)
708 3348 870 3443 Hyginus
885 3350 919 3420 in
936 3350 1075 3419 Po‘e'tico
1092 3345 1239 3422 astrono-
1314 3354 1316 3359 ’

236 3450 330 3523 mico
358 3450 495 3543 loquens
514 3449 555 3517 de
580 3450 684 3519 lableo
709 3445 856 3534 circulo,
883 3446 1027 3517 Herculi
1052 3444 1167 3515 infanti
1189 3450 1240 3519 in·
1361 3525 1364 3531 ,

236 3546 337 3620 sciam
360 3548 528 3638 lunonem
549 3543 670 3614 dedille
693 3540 840 3613 lact'sed
863 3540 1044 3633 postquam
1059 3566 1138 3614 eum
1167 3544 1241 3616 res-

236 3647 337 3716 cierit
357 3644 484 3735 pellicis
504 3641 568 3712 elle
588 3641 713 3717 lilium,
735 3636 880 3729 relecille
898 3662 975 3709 eum
992 3636 1010 3710 'a'
1029 3635 1083 3721 sei
1104 3638 1245 3727 Hercu..

235 3742 380 3836 lemque
404 3739 461 3833 qui
487 3741 588 3808 nimia
614 3736 766 3809 aviditate
794 3735 883 3807 lauis
909 3736 1156 3811 multitudinem
1183 3766 1242 3815 ore

236 3836 559 3932 comprehenderat,
578 3827 809 3925 nonpotuille·
821 3832 903 3904 illud
922 3835 1030 3907 inore
1049 3834 1241 3909 continerer
1270 3915 1273 3931 ,
1332 3844 1337 3853 ’

235 3934 412 4107 {remex
428 3956 487 4009 ore
498 3931 570 4029 eius
583 3931 757 4029 profirsutn
773 3928 918 4003 ladrum
930 3934 1092 4008 circulum
1107 3930 1140 4003 in'
1155 3934 1245 4006 coelo

252 4057 315 4188 ¹⁸.
380 4082 392 4105 ’
909 4094 912 4101 “
1052 4198 1054 4209 ,
1155 4125 1244 4201 IM.
