3175 4825
312 332 340 419 8
509 343 817 424 ‘conuersi
853 329 1109 422 1n'hun1t.

362 461 463 542 Talia
476 465 668 562 Pellaeum.)
695 469 781 538 Pella
795 467 874 540 urbs
890 443 953 538 fuir
967 467 1177 563 abjeeliffima
1193 462 1225 535 in
1239 463 1316 537 Ma·¹
1415 505 1416 512 κ

313 564 473 638 cedonia:
498 562 552 635 sed
574 567 663 637 illam
686 567 744 657 (ut
765 565 858 638 Mela
883 563 1010 658 refert)
1035 565 1171 637 Alumni
1194 563 1317 652 Philip·

314 681 397 755 pus,
421 658 456 735 δὲ
480 661 669 735 Alexander
690 661 846 733 illuslrem
871 664 1056 733 reddidere.
1097 663 1184 736 Inde
1211 659 1318 729 didius

316 755 460 832 Petlaeus
485 759 644 831 Alexand.
669 759 835 841 Juvenalis
861 761 920 830 Sor
943 785 968 828 r.
986 780 1041 832 10.

366 856 457 926 Unus
482 855 603 928 Pellaeo
622 857 740 951 juveni
766 881 830 927 uon
849 854 890 941 su
930 856 971 924 cit
998 854 1119 944 ordis.

365 950 454 1024 Dum
470 952 509 1039 sc
533 962 691 1029 Ammona
705 955 849 1043 satum.)
874 954 914 1021 ln
940 952 1107 1042 Aphrica,
1134 947 1319 1044 Cyrenaica

316 1046 489 1145 provincia
507 1051 574 1127 est:
593 1053 623 1121 in
641 1051 826 1145 Cyrenaica
847 1050 940 1130 Jovis
960 1050 1136 1122 Ammonis
1154 1057 1319 1138 templum

317 1142 425 1236 (teste
451 1146 544 1219 Mela
566 1148 600 1222 ἃ
625 1148 693 1218 aliis
718 1146 963 1240 Geographis.)
1000 1147 1129 1220 Diuus·
1144 1144 1207 1218 suit
1230 1148 1319 1214 Am·

201 1318 203 1324 s
316 1264 411 1322 mou,
425 1243 457 1312 id
474 1241 539 1325 est,
563 1243 716 1316 arenosus
737 1244 836 1338 (nam
859 1239 961 1334 dupe
975 1243 1106 1318 Grecis
1131 1241 1177 1312 esl
1194 1238 1320 1332 arena)

317 1334 412 1431 qubd
438 1333 515 1409 cirin
544 1339 646 1414 Liber
676 1358 768 1433 pater
798 1366 856 1434 per
882 1355 1008 1411 arentes
1037 1338 1155 1436 Libyae
1181 1356 1318 1428 campos
1415 1339 1416 1366 ¹

317 1433 502 1506 exercitum
530 1441 689 1520 duceret,
717 1437 831 1533 sitique
852 1453 1080 1530 premeretur,
1104 1438 1228 1517 Jovem
1254 1458 1320 1526 pa·

310 1545 405 1627 'trem
432 1528 536 1604 fertur
559 1533 771 1626 implorasse,
797 1532 902 1606 statim
929 1534 959 1603 ei
984 1533 1130 1626 apparuit
1154 1533 1256 1610 aries,
1281 1529 1320 1605 &
1414 1591 1416 1608 .

317 1625 354 1700 in
374 1629 492 1700 mediis
507 1631 612 1704 arenis
633 1631 708 1704 fons
728 1635 910 1726 adapertus.
950 1629 1028 1704 Hac
1056 1627 1150 1702 causa
1172 1625 1324 1700 Bacchus

186 1794 187 1799 ,
318 1724 450 1813 templo
480 1724 561 1806 Jovi
585 1726 783 1810 constituto,
814 1727 873 1802 ubi
895 1727 969 1799 sons
993 1745 1162 1818 eruperat,
1186 1723 1322 1796 simula-

319 1818 439 1891 chrum
466 1824 599 1898 arietina
625 1826 732 1919 figura
764 1825 952 1917 intemplo
983 1822 1164 1896 collocavit.
1217 1818 1319 1894 Alex.
1412 1817 1416 1898 3

321 1914 492 2012 Magnus,
522 1941 558 1992 ut
583 1922 687 2017 inquit
711 1924 871 2001 Curtius,
896 1923 1021 2016 ingenti
1047 1923 1164 1993 dusius
1189 1919 1321 2010 cupidi·

320 2030 388 2086 tare
421 2017 562 2089 adeundi
596 2023 748 2102 Jovem,
780 2043 880 2112 quem
907 2019 1036 2111 generis
1063 2019 1110 2090 siri
1137 2031 1322 2107 autorem,

318 2107 411 2184 baud
436 2134 608 2188 contentus
632 2117 763 2188 mortali
788 2112 946 2210 fastigio,
974 2131 1030 2191 aut
1058 2113 1210 2186 credebat
1235 2111 1322 2200 esse,
1412 2117 1416 2158 l

319 2227 383 2284 aut,
402 2211 667 2296 credivolebat,
688 2215 784 2286 nullis
802 2211 1047 2286 difficultatibus
1067 2209 1236 2282 absterreri
1257 2233 1323 2302 po·
1410 2212 1416 2252 ³

318 2307 406 2382 tuit,
429 2304 500 2395 ¹quh
521 2305 630 2380 minias
648 2331 706 2403 per
727 2303 824 2382 fictas
839 2309 1015 2400 regiones,
1030 2307 1064 2380 &
1082 2306 1322 2379 tenaciffimum
1410 2309 1414 2350 ’κ

318 2398 471 2487 sabulum
505 2406 651 2478 dudlaret
677 2407 862 2479 exercitum
895 2407 934 2475 ad
966 2407 1182 2478 Ammonem.
1234 2401 1321 2493 Qud
1410 2416 1416 2459 l

319 2495 401 2569 clun
419 2501 635 2589 pervenisset,
655 2502 820 2577 maximus
836 2518 913 2575 natu
936 2493 955 2574 ‘e
979 2499 1198 2577 sacerdotibus
1210 2497 1320 2588 filium
1412 2516 1416 2559 ’τ

318 2596 516 2685 appellavit,
539 2599 605 2671 hoc
629 2602 751 2672 nometi
771 2603 819 2673 illi
848 2615 1015 2694 parentem
1039 2600 1158 2681 Jovem
1183 2599 1321 2669 reddere

319 2691 496 2769 affirmans.
541 2697 734 2771 Plutarchus
756 2716 865 2771 tamen
883 2696 977 2767 aliter
999 2697 1063 2767 hoc
1081 2696 1191 2767 refert.
1225 2686 1319 2763 Asse·
1415 2692 1416 2751 l

286 2839 288 2842 ν
312 2809 396 2867 runt
418 2793 573 2887 (inquit)
594 2793 817 2879 sacerdotem,
838 2798 918 2867 dum
935 2790 1043 2885 graece
1065 2792 1171 2883 ipsum
1196 2784 1321 2861 saluta·
1412 2812 1416 2857 t

261 2959 266 2970 x
299 2906 390 2964 ret,
403 2888 441 2963 &
453 2888 603 2964 blandius
622 2895 747 2978 «aanor
766 2892 853 2982 (hoc
876 2887 943 2969 est,
958 2890 1095 2977 filiole)
1117 2884 1320 2976 compellare

287 3061 289 3064 ,
320 2984 420 3057 vellet
451 3010 511 3075 per
542 2986 808 3071 barbarismum,
832 3010 894 3079 pro
916 3016 951 3063 vr
976 2982 1126 3057 abusum
1142 3014 1172 3058 r.
1194 2982 1324 3071 mathsee
1413 3012 1416 3056 t

319 3077 383 3171 (id
406 3080 472 3163 esl,
494 3086 589 3167 lovis
606 3083 686 3180 sili)
709 3079 942 3176 pronunciasse.
986 3083 1088 3173 lllnm
1115 3082 1208 3154 vocis
1232 3104 1327 3152 erro·
1408 3127 1411 3139 -

320 3202 393 3347 ‘eff
424 3179 654 3257 Alexandrum
683 3182 823 3272 libenter
856 3178 1025 3272 perinde,
1053 3203 1092 3253 ac
1122 3200 1224 3252 omen
1254 3200 1323 3249 au·
1408 3194 1416 3239 l

319 3278 357 3352 di
384 3303 412 3351 e.
491 3333 493 3337 ,
756 3309 758 3313 ’
1038 3286 1043 3295 ’
1121 3310 1124 3317 ’
1283 3296 1285 3301 ·
1410 3278 1416 3359 ,⁴

370 3378 516 3446 Matrem
537 3376 653 3472 anguis
672 3373 852 3470 imagine.)
879 3374 1056 3469 Olympias
1084 3372 1224 3449 Alexan.
1248 3394 1326 3445 ma·
1410 3392 1416 3451 't

308 3486 373 3561 ,ter
391 3469 477 3547 fuit,
500 3472 591 3563 iuxta
615 3473 710 3566 cujus
734 3474 928 3566 dormientis
951 3493 1073 3561 corpus
1089 3470 1145 3560 (ut
1168 3471 1211 3540 ait
1230 3471 1324 3541 idem
1411 3488 1416 3537 t

320 3564 535 3663 Plutarchus)
559 3572 657 3641 draco
674 3566 859 3643 accubuisse
878 3566 1072 3661 conspersus
1089 3564 1156 3640 esi:
1182 3588 1254 3659 qua
1269 3589 1326 3639 res
1411 3583 1416 3633 t

321 3688 504 3743 amorem,
531 3663 786 3759 charitatemque
813 3663 958 3756 Philippi
988 3660 1159 3739 extinxisse
1189 3662 1324 3735 fertura

322 3760 435 3835 oded,
466 3779 503 3831 ut
526 3761 613 3843 illius
637 3761 782 3853 persepe
807 3762 1003 3833 concubitus
1031 3759 1228 3841 evitaverit,
1254 3756 1325 3831 sive
1415 3778 1416 3787 ¹

189 3883 192 3888 ⁴
321 3860 446 3949 aliquas
464 3880 627 3952 magicas,
642 3857 853 3946 &veneficia
880 3857 1120 3938 reformidans,
1146 3852 1212 3927 save
1237 3854 1327 3927 illius
1415 3868 1416 3905 l

321 3954 619 4045 consuetudinem,
642 3954 959 4035 &contubernium
988 3954 1142 4052 cuiquam
1171 3952 1252 4026 Deo
1278 3974 1323 4025 ex

1238 4069 1323 4144 qua-
