3175 4825
372 407 615 514 Aranni
655 437 904 511 Emonam
941 431 1027 514 cn.
1135 451 1208 533 209

255 557 422 658 Diripitur
438 565 530 654 sacti
551 568 739 664 praepetis.)
763 562 930 655 Diripitur
952 561 1069 652 jecur,
1084 555 1208 636 Gtaeca

217 649 356 748 loquutio
386 662 643 755 frequentissima
671 663 804 754 poe'tis,
838 664 870 728 in
902 682 965 749 qua
992 655 1081 728 deest
1104 657 1208 732 Gra·

217 755 253 823 cis
276 757 375 840 need,
392 759 427 828 id
451 758 517 841 est,
538 757 742 842 secundum,
760 775 798 828 ut
821 759 912 830 nuda
926 755 1060 850 pedem,
1074 752 1207 844 ,Μαι

217 855 353 926 torotdtu.
385 856 558 938 Ovidius,

298 984 397 1005 --
420 973 528 1048 partes
551 948 750 1047 quascunque
764 948 909 1040 sedendo

256 1048 422 1120 Fleiiitur.
540 1053 546 1071 ’
837 1081 840 1086 ·

259 1146 425 1242 Diripitur
451 1146 549 1235 oc.)
578 1141 776 1236 Periphrasts
804 1137 1016 1239 carquita,
1044 1165 1145 1238 quae,
1171 1155 1210 1217 nt

225 1236 283 1310 albi
311 1245 458 1320 diximus
485 1243 566 1326 Jovi
593 1240 760 1312 sacracii.
803 1240 901 1312 Hanc
925 1264 1037 1315 autem
1066 1242 1212 1334 aquilam

226 1335 340 1430 (inquit
357 1340 547 1434 Higynns)
572 1337 721 1408 nonnulli
746 1363 787 1410 ex
803 1337 995 1434 Typhone,
1010 1341 1047 1416 ἅ
1063 1338 1212 1412 Echidna

225 1453 334 1506 natam:
355 1436 408 1508 alii
429 1463 472 1508 ex
487 1439 597 1508 Tetra
611 1435 647 1509 δι
663 1433 831 1513 Tartaro,
856 1439 1044 1528 complures
1064 1431 1213 1514 Vulcani

226 1529 327 1604 faciam
353 1535 503 1605 manibus
525 1531 765 1612 demonstrant:
783 1533 991 1627 animamque
1014 1537 1046 1608 ei
1066 1535 1109 1607 ab
1123 1535 1212 1617 Jove

224 1632 358 1702 traditam
383 1633 506 1702 dicunt.
853 1709 860 1720 ,

261 1732 301 1798 Et
325 1729 427 1800 nollet
440 1728 549 1822 facille
571 1726 763 1816 bominem.)
791 1722 1011 1808 Prometheus
1032 1728 1121 1800 enim
1147 1727 1214 1808 hoff

225 1822 334 1895 minem
357 1827 455 1905 fecit,
481 1847 518 1898 ut
544 1827 587 1895 ait
610 1825 880 1918 Oviditts·ptimo
903 1826 957 1895 lib.
978 1830 1117 1898 Metam.

258 1923 368 1995 Natus
392 1924 483 1996 ltomo
511 1919 550 2016 tsi
572 1917 643 2016 five
665 1923 752 1993 irunt
777 1925 891 1992 divino
905 1923 1030 2011 semine
1045 1923 1130 2014 fecit
1175 1915 1178 1926 '

261 2020 323 2091 Ille
350 2015 460 2112 opifex
489 2044 614 2101 rerum,
639 2018 748 2089 mundi
769 2019 912 2090 melioris
936 2021 1050 2114 origot

260 2119 338 2192 Sive
357 2141 465 2190 recens
487 2117 602 2196 tellus,
617 2113 817 2210 sedudio'qut
841 2138 941 2213 nuper
962 2117 1002 2186 ab
1023 2116 1091 2190 alto

258 2214 396 2284 AEtltete
422 2215 552 2308 cognati
575 2213 732 2283 retinebat
748 2208 876 2300 semina
903 2214 983 2286 ceti.
1029 2224 1032 2230 '

257 2309 370 2401 Quam
386 2310 481 2396 satus
504 2313 618 2403 Iapeto
643 2307 761 2402 otiliam
782 2312 983 2406 fluvialibus
1010 2311 1107 2387 tradit

256 2409 369 2481 Pinxit
393 2407 427 2479 itt
451 2403 587 2504 effigiem
606 2411 824 2478 moderantum
849 2409 962 2481 cornua
986 2413 1143 2482 Deorum·

258 2507 317 2577 Ab
345 2509 456 2600 igne.)
486 2505 570 2575 Solis
585 2504 745 2597 'intellige
770 2527 804 2576 ut
832 2508 979 2599 plerique
1004 2506 1218 2586 fabulanturi

185 2639 186 2691 l
217 2604 364 2698 quamvis
389 2602 481 2693 iupra
503 2601 685 2672 dixerimus
710 2601 822 2692 ignem
843 2604 935 2672 illum
957 2602 1050 2671 initie
1074 2603 1181 2683 lovis.

185 2716 188 2801 l
255 2700 431 2773 Roduntut
453 2698 592 2789 variis.)
619 2696 670 2765 Ex
689 2696 736 2765 his
760 2697 892 2768 duobus
913 2696 1080 2770 versiculis
1099 2718 1218 2770 etuen·
1259 2770 1266 2775 ,

186 2802 187 2805 ’
215 2802 270 2871 dns
295 2798 407 2867 fuerat
435 2796 558 2867 titulus.
609 2792 778 2884 Siquidem
804 2791 906 2864 totius
932 2792 1140 2867 emblematis
1162 2795 1218 2878 hic

215 2894 255 2967 est
280 2895 396 2967 cardo.
435 2890 583 2963 Inscribe
604 2890 706 2983 igitur
722 2912 784 2979 pro
804 2890 921 2971 titulo,
945 2888 968 2960 st
991 2890 1120 2984 placet,
1145 2888 1219 2983 Qui

187 3006 189 3084 g
215 2994 303 3065 addit
321 2991 516 3078 scientiam,
536 2990 629 3060 addit
650 2986 812 3070 dolorem,
837 3006 873 3060 ut
894 2989 1036 3083 legimus
1061 2993 1095 3065 in
1122 2990 1219 3063 sacris

188 3094 189 3157 3
215 3089 328 3159 literis.
368 3084 455 3158 Haec
475 3087 542 3157 dno
568 3086 709 3155 carmina
730 3086 884 3158 videntur
904 3086 1049 3159 alludere
1070 3090 1112 3158 ad
1136 3084 1220 3160 illud

188 3186 189 3195 ’
217 3184 480 3282 Pythagoricum
505 3186 649 3277 dogma,
677 3186 741 3253 Cot
766 3207 808 3255 ne
833 3184 939 3264 edito,
968 3184 1034 3255 hoc
1059 3184 1126 3260 en,
1149 3183 1220 3253 ani·

215 3307 304 3357 mam
321 3278 513 3363 doloribus,
530 3272 867 3381 angoribitiqueknon
891 3279 1164 3362 excruciandam,
1182 3296 1220 3349 ut

217 3381 370 3472 explanat
402 3378 579 3471 Diogenes
612 3375 764 3449 La'e'ttius
798 3378 831 3447 in
866 3379 937 3448 vita
964 3379 1104 3473 Pythag.
1149 3373 1221 3448 Cui

219 3476 375 3548 consonat
412 3476 552 3547 Alexan.
596 3472 727 3565 Aphro.
759 3472 794 3541 in
833 3474 1013 3548 Problema.
1051 3474 1221 3545 laurentia.
1332 3476 1340 3487 '

219 3574 375 3646 Similiter
405 3573 563 3665 (inquit)
594 3570 814 3643 Prometheus
845 3567 924 3641 cum
960 3569 1086 3662 sapiens
1116 3569 1222 3654 ellet,

218 3669 419 3764 fidereaeque
438 3667 555 3761 aquila
575 3664 701 3739 causam
724 3668 984 3761 pervestigator,
1001 3687 1219 3760 naturamque
1319 3690 1322 3695 ·

218 3768 290 3862 ejus
325 3792 363 3839 ac
401 3765 521 3841 litum:
548 3760 694 3859 ct'tmque
730 3760 874 3835 discendi
913 3766 1089 3855 cupiditate
1116 3764 1222 3839 veluti

221 3868 437 3945 crederetur,
459 3882 531 3935 tum
556 3864 693 3936 demum
718 3859 869 3953 quievit,
896 3857 973 3938 citm
997 3865 1030 3935 ei
1052 3862 1222 3935 Hercules

221 3963 463 4037 dubitationem
489 3984 624 4032 omnem
651 3960 707 4031 lua
731 3959 885 4050 lapiemia
909 3957 1012 4038 lolvit.

268 4058 445 4137 Roduntur
465 4059 569 4129 variis
590 4056 814 4151 prudentum.)
838 4056 929 4128 Bane
954 4056 1056 4140 dixit,
1078 4056 1223 4151 pruden-

290 4160 347 4237 Fr.
356 4152 482 4234 Sancta·
497 4148 726 4249 OptrrTom.
735 4151 806 4228 111.
933 4152 971 4223 Ο
1138 4171 1218 4219 tamt
