3175 4825
346 387 423 474 hoo
545 391 852 466 Commune.
889 403 944 460 tu
982 390 1146 462 Arrun.
1393 311 1406 552 l

346 512 491 586 sestanda
522 537 595 606 quae
629 514 807 584 audierant.
861 507 953 584 Citm
979 516 1111 583 tandem
1140 513 1181 582 ad
1209 510 1350 583 Palodes

346 619 531 685 venerunt',
548 611 583 683 dr
599 611 689 682 navis
703 655 714 691 ‚
728 631 836 702 neque
860 608 984 687 ventis,
1004 633 1113 699 neque
1130 612 1228 680 undis
1245 605 1352 699 posset
1404 562 1406 721 l

346 703 533 796 impellith
555 731 651 797 prora
668 705 846 778 obversum
861 703 896 773 in
915 723 1036 775 terram
1057 704 1251 783 Thamum‚
1273 729 1353 795 pro·

347 801 511 876 nunciasse
537 803 633 892 julia,
658 801 807 883 horest,
833 809 960 886 iubar
976 800 1177 878 niv-elima.
1219 804 1261 873 Id
1283 800 1351 882 etr,

349 901 499 995 Magnus
531 903 604 973 Pau
640 901 732 972 obiit.
784 896 872 972 Haec
908 904 1044 972 vixdum
1079 899 1221 991 perfetta
1247 899 1351 968 verba
1407 930 1408 1009 p

345 997 473 1067 ululatu
500 1020 650 1092 magno,
676 1021 736 1068 nec
763 997 1004 1075 uniusmodi,
1030 995 1084 1067 sed
1109 993 1351 1090 qualimuito-

346 1116 422 1165 rum
451 1096 657 1190 gementium
684 1109 822 1182 excepta
848 1092 928 1165 sunt.
970 1095 1060 1184 Quae
1085 1117 1138 1165 res
1162 1092 1351 1186 (quoniam
1408 1112 1409 1185 t

346 1191 462 1262 multis
489 1190 699 1279 praesentibus
726 1188 916 1278 acciderat)
943 1191 1094 1260 celeriter
1126 1191 1276 1276 Romam
1304 1189 1351 1266 est

348 1285 451 1372 allata.
493 1288 649 1358 Thamus
679 1287 748 1377 lpse
779 1285 797 1355 h
828 1287 973 1358 Tiberio
1001 1287 1129 1359 Caesare
1165 1288 1350 1368 acrmsnus.
1409 1296 1410 1349 l

350 1381 528 1455 Consuluit
561 1385 680 1457 deinde
711 1379 878 1454 Tiberius.
901 1382 1141 1473 Philosophus,
1168 1407 1349 1478 quemnam

348 1480 473 1549 Panem
499 1479 591 1550 illum
619 1478 862 1552 arbitrarentur.
911 1481 983 1571 Qui
1009 1478 1276 1570 responderunt,
1306 1504 1350 1551 ert
1410 1492 1411 1511 ¹

346 1575 524 1646 Mercurio
557 1576 594 1652 ὃ(
628 1577 797 1666 Penelope
829 1574 942 1648 natum
966 1575 1030 1646 elle
1062 1581 1154 1650 credi
1179 1597 1348 1670 oportere.
1411 1662 1412 1669 ἵ

348 1669 522 1744 Ηειᾶεηυε
538 1672 612 1746 sunt
628 1673 727 1746 verba
751 1672 925 1745 Plutarchi.
966 1672 1130 1746 Eusebius
1148 1673 1230 1747 veri>
1247 1677 1350 1746 refert
1411 1686 1412 1691 ’

291 1809 296 1820 =
348 1767 420 1848 hac
442 1771 478 1846 ὅ(
502 1771 615 1843 hmilia
643 1764 820 1850 accidisse,
853 1795 920 1857 quo
943 1787 1097 1860 tempore
1123 1771 1181 1844 sub
1202 1769 1348 1844 Tiberio
1412 1858 1413 1865 ἵ

349 1865 481 1939 Caesare
501 1867 760 1952 ChrislusDeus
782 1891 818 1936 uc
838 1867 1009 1938 Dominus
1027 1869 1136 1939 noster
1157 1868 1261 1966 pallus
1280 1869 1349 1951 eli,

348 1967 407 2055 qui
433 1989 533 2036 omne
559 1970 749 2037 daemonum
777 1985 883 2056 genus
905 1961 923 2034 ὲ
948 1965 1013 2034 vita
1043 1967 1180 2056 expulit.
1222 1968 1348 2054 Quan-

343 2087 450 2153 quam
466 2062 545 2154 quid
564 2080 652 2132 vetat
668 2060 750 2130 hanc
767 2072 886 2156 vocem
902 2060 1040 2156 intelligi
1057 2061 1146 2150 polle
1162 2065 1203 2134 de
1213 2063 1348 2136 Cluilio

339 2161 527 2234 *servatore
549 2157 679 2240 nostru,
698 2159 754 2248 qui
772 2181 871 2228 verus
888 2156 935 2227 ell
950 2158 1037 2236 Pan,
1059 2156 1094 2227 id
1118 2158 1184 2240 est,
1208 2160 1348 2239 Omne,

348 2282 387 2327 ue
413 2258 515 2328 totius
538 2277 660 2326 nature
685 2256 839 2324 dominus
862 2255 898 2325 dr
920 2252 1152 2327 conservatori
1185 2257 1267 2329 Sunt
1288 2258 1347 2350 qui

207 2439 209 2445 7
347 2351 481 2437 eliciant
500 2353 587 2424 illam
608 2373 728 2424 vocem
748 2351 893 2424 auditam
911 2346 930 2422 ὲ
947 2352 1042 2425 Paris
1063 2351 1114 2424 illa
1134 2353 1256 2435 noete,
1272 2379 1348 2448 quae

336 2450 421 2541 ‘poli
447 2452 626 2542 paffionem
643 2446 859 2521 Dominicam
885 2446 1017 2541 sequuta
1038 2450 1083 2521 eli
1099 2475 1185 2528 anno
1207 2452 1348 2546 Imperii

348 2547 501 2633 Tiberii,
529 2552 585 2625 18.
624 2548 688 2619 Sed
712 2544 784 2617 haar
809 2544 974 2622 haetenus,
1228 2559 1231 2565 '

399 2646 498 2718 Cordi
520 2647 577 2716 ulii
591 2644 778 2737 sophiam)
805 2642 952 2725 Cicero,
976 2667 1006 2719 1.
1045 2646 1193 2731 Tuscula.
1221 2640 1354 2739 Quaess?

348 2740 426 2827 'Alii
441 2744 592 2833 (inquit)
616 2743 651 2812 iu
671 2743 786 2811 corde:
811 2740 869 2809 olii
883 2742 917 2813 in
934 2742 1059 2814 cerebro
1081 2745 1231 2813 diruerunt
1247 2745 1350 2813 aninu'

338 2843 449 2941 sedem
472 2838 532 2937 effe
553 2839 594 2915 (5
615 2841 727 2909 iorum.
766 2834 940 2909 Homerus
956 2836 1173 2910 &Hesiodus
1191 2840 1223 2906 in
1241 2840 1349 2910 corde

226 2980 230 2987 ·
264 2945 266 2958 '
348 2936 505 3007 videntur
528 2930 664 3025 posu'ille
689 2932 959 3025 intelligentiamr
977 2937 1077 3025 idque
1094 2932 1267 3030 significari
1283 2960 1350 3008 vo-

349 3034 420 3103 lunt
445 3030 654 3124 sapientiores
677 3029 805 3117 petilia
822 3033 920 3101 verba
939 3030 1051 3120 palsim
1067 3034 1156 3121 apud
1176 3030 1238 3103 hos
1261 3036 1349 3122 po'e'·

238 3162 242 3178 ¹
314 3154 317 3159 ·
340 3147 397 3203 'tas
419 3132 576 3221 repetita,
603 3130 638 3197 rie
661 3127 699 3212 dl}
722 3129 845 3220 insopor
871 3129 972 3197 (duro
992 3128 1079 3220 rim.
1123 3128 1205 3200 Hoe
1230 3130 1292 3213 est,
1309 3148 1350 3200 ut

347 3228 431 3303 dlxii
460 3230 585 3307 Maro,
610 3226 663 3297 Tu
696 3230 826 3297 condita
851 3250 953 3303 mente
983 3248 1102 3298 teneto.
1127 3227 1232 3299 ‘sunt
1254 3228 1347 3299 enim

348 3325 490 3416 phrenes
518 3322 645 3416 septum
671 3319 886 3394 transversum
919 3323 985 3396 sive
1015 3325 1206 3415 praecordia.
1245 3326 1347 3395 Unde

343 3424 410 3507 -pro
436 3438 548 3491 mente
573 3440 628 3493 aut
653 3420 764 3489 animo
793 3417 974 3492 sumuntur.
1016 3420 1210 3494 Plutarchus
1233 3440 1348 3493 tamen

328 3518 402 3593 «tib.
414 3537 445 3589 1.
476 3520 517 3597 de
544 3517 682 3589 Placitt's
707 3514 991 3611 Philosophorum,
1015 3517 1203 3589 testimonio
1232 3520 1348 3590 Plato·

346 3614 417 3689 nis,
438 3616 471 3683 in
496 3614 601 3703 rapite
617 3630 761 3685 mentem
780 3613 932 3685 collocat.
960 3613 1121 3685 Plutarchi
1138 3614 1348 3701 verbosum,

348 3713 529 3799 Propterea
555 3710 682 3805 (inquit
705 3710 821 3797 Plato)
847 3711 1106 3801 meus,·quaein
1131 3712 1267 3784 homine
1285 3737 1346 3785 au·

323 3804 523 3903 ·gustlll1ma
549 3828 622 3895 pars
647 3805 714 3886 eli,
738 3807 772 3874 in
795 3810 900 3898 eapite
923 3807 1095 3879 eouliituta
1121 3809 1177 3881 eil.
1222 3808 1345 3881 Hero-

346 3908 445 3979 dotus
470 3903 504 3974 in
520 3906 660 3997 Euterpe
685 3903 823 3994 loquens
849 3906 891 3973 de
905 3904 1147 3997 AEgyptiotum
1170 3908 1344 3989 moribus,

345 4004 450 4090 Panos
481 3999 637 4111 (inquit)
669 3995 902 4083 simulachrum
929 4000 966 4079 oe
992 4001 1136 4103 pistores
1169 4006 1339 4181 pingunt&
