3175 4825
570 309 819 393 h'ncrarr
855 317 1094 396 Emonam
1131 325 1181 398 X.

373 437 400 513 li
423 439 562 541 quidem
579 441 707 514 Thusci
722 445 835 514 Liutto
859 463 981 516 vocant
1006 446 1087 517 illud
1106 467 1291 540 organum,
1309 475 1322 522 r

377 537 468 612 uti'a
494 540 618 614 Gtaeco
647 541 846 612 derivantes.

428 636 591 710 Vendirnt
604 637 645 714 (5
655 639 860 732 propriam.)
886 635 978 728 Quia
992 637 1068 708 Itali
1079 635 1263 730 plurimirm
1278 663 1319 710 ex

380 752 461 804 cent
489 731 570 804 hanc
599 733 794 814 musicam,
821 735 905 806 aded
936 754 973 807 ut
1006 739 1174 827 propriam
1205 735 1265 808 fibi
1292 737 1322 806 ill

381 825 517 901 effecisse
539 834 724 903 videantur.
774 834 991 923 Quapropter
1016 833 1142 923 inquit,
1165 831 1230 903 hoe
1257 831 1322 904 iniit

381 947 527 1000 mentum
554 929 680 1001 Italum
704 929 804 1000 mitto
816 925 877 1010 i&
891 953 958 1000 non
973 929 1080 1001 aliud:
1106 928 1181 1021 quia
1196 929 1271 1001 Itali
1289 955 1322 1024 pr

379 1023 466 1116 cipes
492 1028 616 1100 coiunt
644 1026 677 1096 in
704 1027 844 1098 foedera.
946 1089 947 1096 ,

421 1124 653 1216 Halieutico.)
681 1125 774 1197 Vide
804 1121 958 1216 Bayfium
983 1126 1023 1196 dc
1051 1147 1087 1192 rr
1114 1120 1235 1194 navali.
1277 1121 1322 1192 Li

374 1219 570 1313 Gregorius
587 1223 620 1289 in
641 1219 801 1312 opusculo
828 1224 868 1291 de
886 1223 1029 1316 navigiis
1048 1219 1090 1292 iic
1111 1221 1175 1302 ait,
1193 1217 1308 1290 Halias

373 1317 425 1386 vis
444 1315 681 1388 eii-maritima
706 1320 793 1405 apud
816 1317 957 1391 Graecos
980 1318 1141 1389 notissima
1161 1314 1202 1386 ab
1227 1313 1321 1407 ipio,

373 1413 514 1506 liquet,
549 1416 631 1487 mati
662 1414 857 1505 appellata,
887 1413 1002 1505 scapha
1032 1415 1161 1485 scilicet.
1210 1413 1293 1484 Sunt

375 1513 516 1581 eaodem
534 1536 627 1583 -cum
660 1511 831 1603 piscatoria
858 1510 996 1594 iaciant,
1027 1511 1091 1582 hoc
1121 1511 1195 1594 est,
1224 1508 1322 1583 datur

374 1610 494 1690 πλοῖον,
519 1607 610 1680 cert‘e
634 1608 671 1681 ὃ(
696 1606 714 1678 i
737 1607 853 1678 nostris
876 1607 1049 1680 Piscatoria
1073 1610 1201 1678 dicitur.
1248 1610 1290 1678 In
1314 1610 1322 1677 l

268 1748 272 1756 ·
375 1730 501 1802 genere
527 1724 732 1797 reponuntur
750 1703 904 1800 cymbae,
930 1703 1074 1798 scaphae,
1100 1703 1322 1802 horiae2lemi

376 1805 461 1885 culi,
485 1805 555 1877 &o

419 1905 503 1974 Non
527 1902 609 1973 hene
630 1922 718 1973 tento
728 1899 850 1991 fides.)
875 1901 992 1978 Fides,
1017 1896 1121 1992 inquit
1145 1895 1260 1968 Festus
1279 1899 1322 1968 Pc

373 2001 468 2090 peius
488 1999 548 2070 lib.
565 2001 598 2074 6.
622 2022 729 2092 genus
750 1998 899 2079 cithara,
917 1999 1025 2073 dicia,
1043 1991 1133 2088 qudd
1154 1992 1279 2066 tantum
1298 1995 1322 2064 ir

375 2093 407 2166 se
432 2096 572 2166 chordae
591 2096 686 2184 ejus,
712 2113 870 2188 quantum
897 2094 982 2163 inter
1005 2093 1156 2164 homines
1175 2089 1278 2176 fides,
1301 2116 1322 2163 ci

378 2196 533 2263 cordent:
560 2191 657 2286 cujus
682 2192 919 2262 diminutivum
938 2189 1078 2280 fidicula
1104 2189 1160 2260 est.
1321 2283 1322 2288 ἵ

433 2293 576 2361 Solvitur
602 2291 803 2379 harmonia.)
836 2287 1029 2360 Plutarchus
1053 2290 1085 2357 in
1110 2285 1223 2358 libello
1245 2289 1321 2360 det

384 2384 522 2457 Homeri
536 2389 710 2479 explanans
735 2381 914 2481 allegorici
934 2385 1053 2457 Martis
1070 2383 1106 2459 ὅ(
1124 2383 1266 2457 Venetis
1289 2388 1321 2456 ac

381 2483 532 2562 terium,
552 2482 591 2552 lic
617 2485 804 2564 concludit,
835 2483 928 2555 Hinc
956 2481 1200 2573 herpinum,
1225 2483 1317 2572 quod

374 2579 422 2652 ab
447 2580 522 2650 aliis
542 2582 644 2670 po'e'tis
669 2583 795 2650 didlum
817 2582 883 2658 eli,
904 2602 947 2647 ex
974 2579 1093 2649 Martis
1117 2597 1216 2668 atque
1238 2576 1321 2647 Veni

372 2678 561 2750 concubitu
583 2699 692 2749 natam
718 2675 782 2746 elle
806 2675 1010 2747 harmoniam
1038 2670 1295 2749 exconmunis,

372 2776 496 2847 delicet
520 2777 617 2869 gravi
640 2775 676 2847 dt
698 2794 795 2845 acuto
821 2770 1045 2865 pugnantibus
1069 2769 1152 2837 inter
1173 2766 1205 2837 se
1230 2792 1321 2862 propr

373 2875 465 2944 tione
488 2874 602 2943 debita
626 2869 692 2942 sive
708 2888 794 2960 apta.
839 2870 973 2940 Addam
989 2865 1119 2937 &illud
1143 2888 1206 2955 pro
1229 2867 1321 2938 Aleia

377 2968 536 3063 quoniam
569 2968 821 3059 reprehenditur
851 2965 869 3035 ii
902 2964 1032 3045 multis,
1062 2960 1154 3057 qudd
1184 2983 1321 3055 protraxi

373 3067 575 3139 sententiam
606 3063 717 3135 ihne
752 3064 945 3154 pentametri
969 3061 1073 3154 usque
1105 3061 1146 3131 ad
1176 3080 1304 3151 partem

371 3166 508 3258 quentis
533 3162 715 3235 hexametri
740 3160 774 3230 in
797 3163 859 3231 iliis
881 3158 1011 3238 verbis,

420 3262 566 3356 Uua'que
583 3256 614 3351 fi
630 3257 734 3351 fiterir
760 3283 825 3330 non
850 3258 928 3327 deut
954 3247 1171 3340 tantalides,

423 3364 485 3433 Ru
510 3358 599 3429 trive.

370 3380 549 3552 Quodp&
575 3453 600 3525 sr
624 3455 713 3545 apud
736 3450 878 3525 Graecos
906 3450 952 3523 eii
974 3440 1290 3542 frequentiffimurn,
1316 3444 1321 3516 2

367 3562 528 3627 tinorum
566 3569 677 3624 tamen
712 3549 901 3621 testimonio
930 3548 1127 3621 defenditur.
1178 3542 1320 3617 Ovidius

366 3652 570 3748 Fastorum,
662 3684 665 3689 ·
1265 3684 1270 3699 ν

421 3754 536 3846 thue
562 3746 630 3829 <lies
656 3746 778 3817 incerta
793 3745 927 3834 sacris,
939 3740 993 3837 fic
1023 3758 1160 3839 tempore
1190 3755 1299 3819 certo,

476 3842 658 3920 Seminibus
678 3843 806 3936 jactis,
830 3840 873 3936 cst
901 3842 956 3911 ubi
974 3838 1075 3931 farus
1101 3859 1188 3933 ager.

419 3944 521 4021 State
546 3942 692 4021 coronati
714 3941 842 4035 plenum
868 3937 1078 4129 adcpriesept
1096 3929 1243 4031 juvenci·
1288 4020 1320 4092 Ι(
