3175 4825
636 348 657 441 (
682 349 797 441 487)

273 768 1178 931 JQHAN.DEVELASCO

570 960 881 1068 ComestabiliS,

302 1148 738 1232 Fatuersco
791 1149 1162 1250 Sanco-10,

237 1331 455 1417 liberalium
480 1333 632 1412 Artium
664 1331 875 1448 Magistro,
893 1295 1157 1449 ‘Primarioqrre
1182 1338 1221 1416 in

290 1445 469 1529 Salmone.
504 1447 631 1529 Arad.
667 1449 908 1550 Rhetorices,
946 1483 993 1532 ar
1023 1449 1168 1534 Graecae
1206 1450 1212 1462 ‘

395 1564 551 1674 Linguae
573 1563 725 1646 Dotion⁸
747 1565 901 1680 infigni,
932 1566 974 1648 8.
995 1568 1052 1650 D.
1208 1555 1213 1563 ⁴

309 1782 312 1788 ·
431 1756 512 1828 Aria
537 1772 591 1826 tua
616 1756 823 1852 perlegeram
848 1757 962 1850 scripta
987 1760 1079 1830 omni
1108 1763 1225 1834 erudi·

230 1757 419 2146 Q
444 1855 534 1925 tione
562 1852 673 1945 plena:
703 1878 888 1949 magnaque
913 1857 954 1926 de
973 1857 1030 1928 Te
1053 1859 1133 1928 milri
1157 1867 1227 1928 era't

444 1950 592 2044 opinio,
628 1974 726 2042 quam
762 1973 870 2024 tamen
907 1977 974 2021 non
1013 1957 1227 2024 mediocriter

444 2047 576 2119 adauxit
599 2045 741 2118 Comitis
763 2053 804 2120 de
827 2051 1000 2120 Monterei
1027 2053 1067 2120 de
1094 2068 1154 2121 tuo
1177 2050 1228 2118 iu·

443 2146 545 2240 genio
571 2143 732 2237 judicium
763 2145 972 2236 probandum
998 2171 1056 2216 me
1092 2147 1229 2217 hercle:
1316 2175 1320 2184 ·

226 2241 431 2316 nobilitatem
457 2242 546 2312 enim
575 2243 657 2332 (vix
684 2241 793 2313 seculo
822 2242 932 2313 nostro
955 2243 1137 2324 credibile)
1163 2240 1229 2315 tto·

225 2342 289 2415 diis
325 2338 532 2434 politioribus
568 2338 706 2410 ornavit.
752 2341 787 2411 Is
820 2342 1067 2435 quamprimum
1105 2341 1162 2413 Te
1190 2339 1267 2444 ³⁶.

224 2464 287 2512 nos
312 2460 491 2511 venturum
522 2434 696 2527 promifit:
733 2441 824 2531 quod
858 2437 882 2506 sa
913 2440 956 2507 ira
980 2438 1127 2519 feceris,
1159 2448 1232 2507 ma·

222 2536 324 2612 ximis
350 2536 465 2616 nostris
501 2531 804 2620 occupationibus,
832 2550 868 2605 ut
894 2552 1024 2607 tuarum
1056 2534 1236 2642 Musarum

222 2630 453 2705 honelltffimo
482 2630 632 2702 fruamur
661 2629 765 2711 otio,
799 2630 936 2699 multam
970 2630 1103 2702 salutem
1141 2631 1231 2698 dice-

222 2754 314 2802 mus.
367 2730 507 2801 Interim
541 2748 624 2796 vero
655 2728 697 2795 de
733 2727 838 2799 Melae
877 2725 953 2793 loco
988 2722 1132 2796 obscuro
1172 2724 1235 2792 ml·

222 2830 262 2900 hi
296 2826 396 2905 sane,
425 2822 617 2896 obscuriore
643 2822 797 2918 Olivario
826 2824 1026 2911 interprete,
1058 2823 1137 2914 quid
1164 2817 1236 2911 leri·

221 2928 310 2999 tias,
327 2922 485 2996 rescribas
508 2942 607 3012 rogo.
649 2920 747 2995 Vale.
784 2918 987 3007 Villalpandi
1004 2917 1123 2990 Idibus
1148 2914 1236 3009 Maji

220 3017 581 3096 MDLXXXVIlI.
610 3018 695 3089 anni.

275 3120 375 3191 Mela
404 3144 475 3211 cap.
488 3136 523 3209 9.
553 3115 594 3184 de
621 3104 784 3211 AE'gppto.
830 3113 1093 3207 Mandatumqtrc
1119 3111 1238 3183 litteris

215 3214 383 3305 servarat,
410 3222 485 3290 rlrtrn
510 3214 662 3309 AEgyptii
671 3214 775 3301 sunt,
798 3230 917 3304 quotcr¹
932 3208 1041 3295 cursui
1055 3203 1137 3291 suos
1156 3231 1239 3279 ver·

219 3308 297 3405 ciffc
308 3314 462 3411 sydera,
484 3332 522 3385 ac
547 3309 651 3381 Solem
680 3310 728 3381 bis
753 3311 824 3403 jorn
846 3305 1015 3396 occidtffe,
1046 3308 1132 3376 uode
1155 3309 1238 3379 nunc

220 3430 349 3481 oritur.
