3175 4825
364 347 575 490 Anniani
610 387 851 479 Antania
884 386 1113 471 CXXXIV.
1190 397 1296 484 rin

358 509 433 580 Anc
458 508 625 583 historiam
645 533 714 581 nnn
735 510 948 602 injucundam
971 513 1070 610 pauli>
1091 511 1186 589 altile
1208 542 1264 602 re·

374 626 526 698 petemus
552 631 595 679 ex
618 609 730 704 quinto
754 609 811 679 lib.
845 609 962 692 ‚lullini
979 613 1132 686 historici.
1169 617 1263 689 Nam

258 700 461 793 Xenophon
493 701 586 777 latiits
618 705 653 775 se
685 706 860 788 extendit,
896 704 996 800 quim
1021 729 1057 784 ut
1082 709 1136 782 hlc
1163 712 1263 807 poffit

262 799 443 870 coaretari:
466 805 547 895 quin
570 823 632 873 nec
660 805 791 882 omnia,
814 824 888 896 quae
911 805 943 872 in
965 801 1046 878 hanc
1071 805 1265 883 sententiam

203 943 208 953 -
259 895 341 965 dicit
360 895 527 983 Juliinus,
548 897 615 972 huc
641 899 857 980 transferam,
882 897 937 972 sed
956 903 1094 995 carptim
1120 908 1262 998 potiora.

260 991 359 1065 Vibii
380 992 739 1089 igiturAthenienses,
759 997 844 1070 dure
863 997 1026 1082 Conone,
1048 995 1066 1067 'a
1092 999 1266 1104 Lysandro
1307 1047 1316 1056 -
1418 965 1419 1020 l

257 1087 598 1165 lacedaemoniorum
623 1095 731 1171 duce,
760 1093 896 1188 triginta
919 1094 1010 1169 viros
1028 1119 1072 1168 ex
1098 1098 1267 1179 Lacedae

258 1185 385 1260 moniis
407 1188 686 1279 reciperecnasii
706 1187 808 1272 sunt,
843 1191 899 1286 qui
919 1191 1066 1265 Athenas
1088 1193 1265 1290 guberna-

257 1301 356 1364 rent,
382 1285 440 1376 qui
464 1285 607 1357 libi‘tria
629 1285 729 1358 millia
754 1284 926 1362 satellitum
944 1287 1104 1373 statuunt,
1120 1289 1156 1368 dt
1173 1285 1265 1386 quali

257 1403 386 1474 parvus
409 1380 463 1452 hie
482 1385 523 1454 ad
537 1383 771 1455 continendam
787 1383 952 1458 civitatem
972 1387 1138 1462 exercitus
1164 1385 1266 1471 esset,

257 1476 490 1573 septingentos
509 1481 629 1552 milites
656 1477 675 1548 'a
700 1479 881 1554 vibloribus
911 1481 1087 1574 accipiunt.
1128 1483 1267 1558 Deinde
1328 1511 1352 1544 ο

256 1574 395 1646 miseras
418 1575 509 1648 urbis
530 1575 685 1672 reliquias
709 1575 854 1649 eaedibns
868 1577 1039 1670 &rapinis
1057 1579 1267 1656 exhauriunt.
1294 1595 1305 1606 ⁸

255 1670 364 1744 Fiunt
379 1674 522 1765 denique
539 1670 760 1746 crudeliffir'ni.
800 1675 854 1744 Fit
869 1676 972 1768 igitur
987 1699 1029 1746 ex
1047 1675 1130 1748 urbe
1149 1680 1266 1770 paffim

259 1768 419 1860 omnium
447 1768 565 1864 fuga,
598 1767 812 1862 replett'rrque
847 1769 980 1846 Graecia
1016 1771 1267 1847 Atheniensium

261 1865 429 1938 exulibus.
480 1869 547 1937 Sed
582 1867 918 1940 Lacedaemoniorum
952 1865 1061 1939 edisio
1093 1869 1268 1954 civitates,

261 1963 379 2034 exules
403 1959 560 2055 recipere
572 1960 845 2053 prohibebantur.¹
869 1965 1018 2052 *Omnes
1044 1961 1076 2035 se
1096 1966 1210 2060 Argos
1229 1963 1268 2042 ὃς

262 2058 408 2132 Thebas
438 2058 629 2141 contulere,
661 2059 721 2134 ubi
752 2083 821 2133 non
845 2058 953 2134 sullam
986 2077 1095 2146 nutum
1120 2057 1268 2150 ¹sextilium

257 2163 427 2252 egerunt,
450 2155 568 2230 verlini
592 2154 693 2230 etiam
713 2155 805 2249 spem
828 2160 1061 2252 recuperandae
1081 2160 1190 2251 parfia
1213 2183 1270 2231 re·

257 2273 439 2348 ceperunt.
480 2255 560 2326 Erat
581 2255 668 2328 inter
690 2255 805 2330 exules
831 2254 1082 2352 Thrasybulus,
1106 2259 1157 2330 vir
1182 2255 1267 2329 llre-

257 2373 378 2435 nnus,
404 2347 557 2423 &domi
582 2350 729 2437 nobilis,
756 2353 814 2447 qui
838 2355 1029 2427 audendum
1054 2354 1178 2449 aliquid
1202 2377 1268 2447 pru
1313 2418 1317 2421 .

256 2445 431 2541 patria&
457 2472 519 2539 pro
546 2447 649 2521 salute
678 2451 854 2521 communi
884 2453 983 2523 etiam
1014 2470 1092 2524 cum
1115 2452 1268 2544 periculo
1367 2538 1371 2547 ¹

259 2562 377 2625 ratus,
407 2547 553 2618 adunatis
577 2546 731 2618 exulibus
762 2545 943 2619 Castellum
971 2545 1101 2616 Philem
1129 2548 1272 2621 Attico-.

259 2666 344 2716 rum
361 2638 651 2733 finium'occupat.
693 2642 771 2712 Nec
795 2644 906 2713 deerat
927 2644 1130 2734 quarundam
1152 2642 1272 2715 eisin·-
1417 2704 1419 2709 ,

258 2758 340 2813 tum
361 2756 427 2809 tam
443 2740 584 2811 crudelis
600 2735 690 2808 casus
710 2734 935 2809 miserantium
956 2735 1063 2809 favor.
1101 2736 1219 2831 Itaque
1232 2736 1270 2814 ὅ(

260 2836 459 2909 Hisnienias
482 2834 732 2907 Thebanorum
760 2832 914 2925 princeps
946 2830 1004 2905 etl'r
1033 2831 1270 2927 publicis'non

263 2950 418 3024 poterat,
442 2932 576 3025 privatis
592 2949 704 3003 tamen
722 2928 851 3004 auxiliis
869 2929 1054 3026 adjuvabat.
1097 2930 1140 3002 Et
1157 2928 1271 3025 Lysias

266 3028 491 3127 Syracusanus
514 3030 663 3109 Orator,
684 3027 762 3113 exul
786 3037 890 3109 tunc,
923 3028 1124 3125 quingentos
1144 3026 1271 3100 milites

265 3126 432 3219 slipendin
456 3126 518 3198 suo
542 3124 713 3197 instrublos
736 3125 771 3193 in
795 3124 960 3197 auxilium
979 3126 1274 3219 patriarcommu-

268 3225 320 3295 nis
347 3220 549 3315 eloquentiae
576 3218 672 3292 milit.
718 3221 770 3291 Fit
795 3224 906 3315 itaque
934 3218 1083 3313 asperum
1108 3219 1274 3311 prelium.

268 3319 338 3390 Sed
367 3342 445 3389 curn
469 3318 547 3388 hinc
568 3339 632 3410 pro
654 3314 758 3409 patria
780 3316 916 3391 summis
938 3316 1084 3401 viribus,
1105 3316 1183 3387 inde
1208 3335 1276 3409 pto,

271 3416 377 3487 aliena
391 3415 619 3486 dominatione
642 3411 784 3487 securius
800 3418 1029 3510 pugnaretur,
1049 3410 1176 3511 tyranni
1201 3415 1274 3487 vin·

271 3530 412 3585 cuntur:
438 3508 714 3582 viminariam
736 3508 1068 3607 refugerunl,quam
1083 3506 1275 3585 exhaustam
1315 3563 1318 3567 -

248 3590 420 3681 ‘raedibur
436 3606 501 3680 suis
518 3606 616 3679 etiam
637 3604 736 3677 armis
759 3602 906 3698 spoliant.
947 3607 1081 3681 Deinde
1102 3604 1181 3681 clam
1199 3634 1277 3691 οιιι-ι
1326 3624 1331 3635 ’

271 3728 331 3776 nes
350 3702 568 3777 Athenienses
592 3702 791 3795 proditionis
806 3702 979 3797 -suspettor
996 3703 1182 3797 haberent,
1207 3709 1276 3778 de-¹

270 3802 418 3897 nigrare
440 3823 498 3873 eos
522 3823 566 3871 ex
586 3797 673 3871 urbe
694 3799 839 3893 jubent,
861 3800 898 3877 da
916 3804 948 3873 in
970 3802 1076 3877 bracis
1095 3824 1275 3879 murorum

271 3902 329 3995 qni
353 3898 452 3971 diruti
475 3897 630 3975 fuerant,
653 3896 821 3990 habitare,
846 3901 1008 3973 extraneis
1028 3901 1187 3973 militibus
1208 3897 1275 3967 im-

272 3994 404 4089 perium
423 4010 561 4071 tuentes.
584 3994 675 4070 ton
691 3991 762 4070 haec
774 3992 1026 4163 {hrasybulum
1042 4014 1277 4103 corrumpere,

847 4112 866 4185 3
1209 4109 1279 4173 lm}
