3175 4825
384 366 645 446 'Anctrrr
680 370 934 448 Errantem
960 343 1117 448 XXIX.
1214 377 1263 468 89·

272 489 321 566 sta
349 491 435 565 inter
458 517 523 568 tres
554 495 791 568 Romanorum
821 499 925 570 duc'es
959 523 1069 587 pace,
1100 496 1266 588 Lepido,

272 590 438 672 Antonio,
459 591 494 664 ἀ
517 593 652 668 Caesare
680 591 854 688 Augusio,
876 598 1101 668 triumviratus
1131 596 1262 666 invadi·

272 701 341 756 tur:
364 687 400 757 sit
425 688 542 762 civium
575 689 800 785 proscriptio:
826 690 888 764 ubi
918 697 1086 766 Antonius
1115 717 1153 763 ea
1179 715 1264 762 con·

271 783 390 854 ditione
411 787 608 858 avunculum
629 785 724 861 suurn
750 787 912 880 proscribi
937 787 1040 878 pallus
1062 787 1108 860 eli
1128 787 1171 861 ab
1188 790 1263 861 Au·

274 879 379 975 gullo,
401 903 438 954 ur
464 882 588 958 Cicero
612 883 672 956 sibi
695 882 737 954 ab
766 889 888 958 eodem
912 883 1165 977 proscribendus
1192 903 1285 974 tra·⁴

274 979 402 1052 deretur.
439 982 557 1074 Itaque
583 983 708 1056 Cicero
734 1007 814 1056 cum
837 1002 908 1058 tota
930 986 1035 1055 domo
1061 981 1264 1074 proscriptus

268 1075 411 1148 dilutam
430 1076 542 1170 primb
564 1080 755 1174 navigavit,
777 1105 861 1153 mort
886 1081 1061 1162 Circeios,
1083 1081 1118 1150 in
1140 1099 1263 1151 terram

263 1173 368 1264 possea
385 1176 573 1256 descendit,
597 1178 747 1248 nondum
773 1180 866 1248 omui
883 1176 940 1267 spe
963 1180 1006 1250 de
1030 1177 1178 1250 Oslavio
1202 1177 1264 1248 ab·

261 1269 351 1362 jecta.
392 1273 546 1345 Asluram
571 1274 714 1365 pedbus
730 1276 836 1347 rediit.
881 1274 975 1346 Hinc
997 1275 1074 1348 filiis
1099 1273 1265 1346 suadenti·
1332 1327 1337 1338 .

260 1365 321 1438 bus
350 1373 497 1442 Formias
514 1369 709 1464 ¹processit:
745 1370 815 1466 qub
840 1371 918 1449 ciam
945 1370 1140 1464 appulisset,
1167 1369 1263 1442 corvl

259 1465 400 1540 infaullo
435 1469 547 1540 volatu
572 1469 614 1540 ab
640 1469 780 1544 infausio
806 1468 944 1562 appulsu
975 1494 1087 1542 arcere
1123 1466 1263 1542 noluiss'e

260 1560 314 1633 vili
335 1564 420 1636 sunt.
462 1565 556 1637 Hinc
581 1565 694 1638 lediica
718 1567 844 1640 delatus
867 1564 914 1637 est
933 1567 968 1634 in
992 1568 1183 1659 proximam
1199 1565 1264 1638 vil·

261 1659 323 1730 lam
353 1660 473 1736 suam:
499 1687 610 1756 neque
633 1664 682 1733 ibi
707 1665 832 1736 diutius
857 1662 1264 1746 commonuerimus,

262 1763 367 1831 corvis
399 1760 522 1852 iterum
549 1761 660 1832 omnia
684 1763 814 1858 garritu
840 1758 1076 1832 infestantibus.
1118 1761 1263 1834 Refere-

263 1851 353 1928 batur
377 1859 482 1951 igitur
503 1856 618 1929 lediica
640 1860 676 1929 in
706 1859 837 1939 navim,
867 1855 946 1930 ciam
970 1857 1119 1948 Popilius
1136 1857 1263 1942 Lenes,

263 1975 358 2042 quem
384 1953 456 2047 ipse
484 1953 612 2047 capitali
640 1955 766 2046 judicio
806 1954 889 2027 olim
923 1953 1145 2034 defenderat,
1182 1977 1262 2025 cum

261 2048 363 2142 globo
385 2051 533 2122 militum
561 2050 697 2124 obviarn
722 2051 879 2126 occurrit.
921 2048 1025 2124 Sensit
1052 2047 1176 2122 Cicero
1202 2071 1262 2121 eos

168 2202 169 2206 ,
259 2147 303 2216 ad
325 2151 449 2222 cadem
474 2147 604 2233 missos,
628 2145 789 2222 c‘ontinub
817 2147 969 2222 leslicam
995 2146 1120 2238 deponi
1148 2144 1263 2240 juffit,

261 2236 382 2336 hicque
396 2244 462 2317 srne
488 2247 617 2341 gemitu
633 2245 770 2320 barbam
795 2243 856 2315 srbi
876 2247 956 2320 laeva
972 2269 1073 2318 manu
1091 2244 1169 2339 (qui
1187 2268 1263 2319 mos

178 2364 181 2368 ·
261 2335 313 2406 illi
335 2340 420 2415 soille
443 2343 584 2439 dicitur)
610 2344 800 2419 demulcens
824 2346 995 2417 venientes
1019 2343 1164 2436 excepit·
1205 2342 1266 2413 ln·

258 2434 420 2510 terficitur
450 2465 536 2537 ergo
567 2464 669 2514 annos
701 2462 795 2517 natus
828 2460 972 2534 quatuor
1000 2441 1037 2515 dc
1063 2439 1263 2537 sexaginta,

252 2554 367 2624 caput
389 2559 460 2607 cum
480 2542 592 2611 dextra
610 2540 769 2627 incolitis
788 2538 954 2629 suspendit
970 2538 1147 2609 Antonius.
1182 2539 1262 2608 Nec

247 2628 423 2704 cobiber'e
442 2634 615 2709 lachrimas
638 2636 746 2727 potuit
769 2652 839 2705 tota
857 2636 995 2708 civicas,
1010 2632 1087 2703 cirm
1108 2630 1263 2706 rescisum

241 2730 431 2803 Ciceronis
454 2750 553 2824 caput
573 2734 605 2802 in
625 2733 687 2803 illis
708 2731 774 2805 suis
794 2728 905 2801 rosiris
928 2728 1101 2820 speaaret:
1124 2752 1186 2798 nec
1204 2729 1263 2800 ali·

242 2846 299 2899 ter
333 2831 379 2903 ad
410 2830 594 2901 videndum
620 2828 733 2913 iilud,
759 2823 861 2922 quim
887 2824 961 2898 aute
988 2826 1029 2897 ad
1060 2825 1263 2907 audiendum

242 2926 528 3000 concurrebatur.

295 3026 488 3100 Romanurn
506 3016 672 3119 postquam
693 3020 892 3119 eloquium.)
917 3021 972 3096 Sic
991 3021 1139 3106 ordino,
1166 3017 1283 3100 posta,
1380 3090 1384 3099 s

240 3146 351 3215 quam
378 3120 478 3214 pellis
506 3120 623 3192 acerba
653 3118 719 3195 suae
754 3121 893 3211 patria,
917 3120 983 3192 huc
1013 3119 1091 3205 esi,
1120 3120 1263 3191 Marcus

242 3220 447 3301 Antonius,
467 3218 527 3310 qui
543 3217 733 3290 Romanam
745 3210 918 3308 Rempub.
939 3214 1030 3307 peste
1051 3212 1169 3284 infecit
1191 3211 1265 3281 bel·

240 3316 367 3389 iorum
394 3313 566 3398 civilium,
587 3316 772 3409 perdiderat
790 3314 984 3385 Romanum
1009 3308 1200 3402 eloquium,
1225 3307 1263 3379 id

240 3412 317 3491 est,
352 3413 581 3493 Ciceronem,
605 3416 662 3505 qui
676 3406 746 3489 ‚ut
766 3412 810 3481 ait
827 3411 1006 3487 Lucanus,
1033 3405 1175 3480 Romani
1188 3428 1263 3477 ma·

240 3512 365 3583 ximus
388 3509 507 3580 author
529 3510 646 3604 eloquii
667 3509 753 3589 suit,
773 3506 932 3587 inscendit
953 3526 1069 3576 currus
1088 3500 1154 3577 &m
1179 3502 1264 3575 Exi·

240 3610 358 3681 miam
384 3606 560 3679 Ciceronis
584 3605 716 3679 laudem
740 3604 818 3676 vide
840 3605 929 3697 apud
960 3601 1104 3672 Plinium
1134 3606 1261 3677 Noctu.

240 3702 345 3799 sriflc.
374 3703 480 3799 tion.
508 3700 963 3799 cap.30.&lib.31.cap.2.
1002 3697 1166 3773 Martialis
1189 3698 1262 3791 pul-
1398 3744 1401 3751 -

239 3803 334 3874 citro
379 3802 621 3897 epigrammate
655 3816 823 3894 comparat
862 3796 964 3869 scelus
1003 3795 1173 3873 Photini,
1204 3794 1263 3901 qui
1403 3886 1406 3892 Ι

236 3899 462 3991 Pompeium
501 3898 659 3987 occidit,
695 3922 774 3977 curu
810 3892 933 3974 scelere
974 3892 1088 3973 Marci
1119 3890 1263 3975 Antonii

236 3996 308 4075 lib.
326 4016 364 4091 3.
391 3998 576 4103 Epignaa.
1191 4074 1262 4159 ΡΠ
