3175 4825
325 473 399 531 too
521 450 929 528 commutamur
970 439 1140 521 Aaou

259 575 264 590 ’
326 593 557 669 corruperunt.
598 573 818 650 Aristocrates
851 590 998 668 accepta·
1016 570 1158 669 pecunia
1186 570 1324 644 Arcadas

327 673 444 748 celavit
478 670 588 766 primi>
624 675 704 766 quid
738 669 814 743 esset
850 671 1008 745 neturus.
1058 669 1150 745 Clam
1181 665 1262 743 verd
1287 671 1329 740 ad·
1414 738 1415 755 ,

327 795 445 846 manus
453 769 527 875 jam
547 769 647 843 essent
667 771 818 846 venturi,
831 792 900 844 ‚eos
914 766 1163 862 perterrefecit,
1177 786 1325 861 tanquam
1414 790 1415 811 ³

233 952 236 958 ,
327 871 364 945 ἃ
377 867 532 965 angustiis
551 867 663 941 forent
686 863 937 959 comprehensi,
957 866 993 941 dr
1014 863 1038 936 fi
1062 868 1255 940 vincantur,
1276 887 1326 934 re·

328 966 469 1041 cedendi
494 965 628 1058 copiam
651 965 775 1036 nullam
801 961 860 1034 sint
882 961 1038 1036 habituri.
1087 958 1252 1035 Sacrificia
1272 963 1325 1030 in-

328 1063 428 1157 super
445 1061 637 1156 inauspicata
654 1059 746 1133 fuisse
759 1057 873 1132 alserit.
898 1055 1097 1151 Quemlibet
1112 1059 1214 1156 igitur
1225 1057 1329 1151 jussit,

327 1159 388 1235 sibi
413 1159 497 1253 suga
521 1161 712 1240 consulere,
735 1154 816 1229 cum
840 1155 988 1250 primum
1015 1153 1084 1248 ipse
1110 1156 1241 1252 signum
1268 1157 1327 1227 da·

327 1275 389 1330 ret.
433 1256 524 1345 Cum
551 1256 632 1328 verd
656 1251 831 1327 intulissent
853 1253 887 1326 se
914 1253 980 1345 jam
1005 1252 1154 1325 hostibus
1178 1253 1328 1325 Laceda-

328 1352 459 1434 monii,
482 1351 519 1428 ὅ(
550 1351 663 1424 contri
697 1351 882 1424 niterentur
906 1349 1087 1434 Messenii,
1117 1348 1326 1424 sub'initium
1416 1422 1417 1425 ,

328 1474 455 1546 pugnae
477 1448 696 1522 Aristocrates
721 1445 875 1522 subduxit
901 1448 1059 1521 Arcades.
1100 1444 1329 1541 ltaquesrnis·
1416 1482 1417 1491 κ

329 1567 420 1626 trum
441 1570 566 1626 cornu,
591 1547 628 1622 dc
648 1547 798 1618 medium
822 1567 945 1641 agmen
966 1544 1157 1619 destitutum
1182 1541 1229 1614 est
1248 1567 1330 1633 prae·
1416 1556 1417 1591 f

329 1643 423 1716 sidio.
464 1642 680 1717 Arislocrates
703 1642 869 1738 flagitium
891 1641 1021 1738 flagitio
1053 1639 1190 1715 addidit.
1230 1640 1331 1734 Fugit

330 1743 423 1814 enim
445 1765 505 1832 per
525 1743 671 1813 mediam
694 1739 801 1812 aciem
816 1739 1071 1815 Messeniorum.
1111 1734 1332 1830 QuareMes·
1417 1758 1419 1795 r

330 1831 428 1912 seniis
450 1839 612 1910 cadebant
635 1837 764 1919 animi,
791 1838 827 1912 dt
853 1839 1025 1909 Arcadum
1056 1832 1238 1909 transcursu
1260 1834 1334 1906 sunt

329 1933 524 2028 perturbati.
567 1938 610 2009 Et
634 1933 768 2028 quidam
797 1956 874 2016 eos,
899 1953 936 2007 ut
959 1952 1155 2014 manerent,
1179 1929 1334 2023 supplici-

331 2051 382 2104 ter
402 2030 536 2106 orabant
547 2042 561 2108 ι’
585 2035 718 2126 quidam
743 2031 897 2103 convitiis
921 2031 1074 2103 adversus
1092 2053 1152 2102 eos
1179 2048 1334 2122 tanquam

332 2131 522 2222 proditores
549 2126 585 2199 δι
615 2129 732 2224 injuria
760 2125 832 2198 sunt
854 2126 918 2200 ‘usn
956 2127 1203 2200 Lacedaemonii
1237 2124 1334 2197 desti·

286 2281 289 2290 .
331 2243 422 2298 tutos
444 2224 573 2298 auxiliis
596 2225 779 2296 Messenios
800 2225 895 2296 facile
920 2223 1336 2315 circundanmtuperant,

331 2321 484 2395 fundunt.
526 2322 579 2392 Ex
606 2321 848 2394 Messeniorum
873 2324 980 2417 vulgo
1003 2322 1099 2393 multi
1123 2323 1334 2394 ceciderunt:

332 2444 377 2493 ex
403 2416 605 2511 principibus
631 2420 731 2491 etiam
761 2443 830 2489 non
860 2423 966 2510 pauci.
1022 2418 1251 2493 Aristomenes
1277 2419 1339 2513 qui

222 2572 228 2580 .
331 2517 437 2589 multa
461 2516 494 2587 in
514 2514 566 2587 illa
588 2540 701 2611 pugna
725 2540 804 2589 cum
827 2517 923 2587 laude
940 2536 1166 2611 pugnaverat,
1188 2516 1243 2590 sed
1264 2514 1338 2588 sru-

332 2612 394 2687 llra
415 2630 551 2707 propter
575 2614 795 2705 paucitatem,
818 2610 955 2709 collegit
970 2616 1114 2706 palanfes
1129 2612 1338 2698 Messenios,

318 2710 455 2803 ouibus
478 2702 649 2803 persuasit,
668 2731 705 2785 ut
728 2714 967 2785 mediterranea
986 2712 1108 2803 oppida
1129 2710 1341 2790 desererent,

247 2894 249 2903 ‚
333 2810 370 2882 iic
391 2809 424 2877 in
445 2809 534 2879 Iram
555 2830 705 2883 montem
729 2812 999 2903 commigrarent.
1038 2808 1143 2879 Hunc
1167 2808 1276 2897 itaque
1300 2806 1341 2875 in

332 2905 448 2975 locum
473 2901 550 2977 ciam
573 2902 604 2975 se
629 2902 865 2983 contulissent,
890 2905 1060 2975 obsidione
1086 2926 1144 2973 eos
1167 2903 1339 2975 Lacedae-

268 3052 273 3061 .
331 3000 440 3071 monii
464 3002 659 3081 cinxerunt,
684 3002 804 3094 quibus
825 3025 885 3092 per
906 3001 1060 3072 undecim
1080 3023 1183 3074 annos
1209 2999 1341 3071 restite·

330 3115 407 3169 runt
431 3094 598 3169 Messenii.
640 3099 716 3168 Nec
736 3094 846 3168 *sotum
870 3096 1074 3185 restiterunt,
1095 3095 1152 3169 sed
1173 3096 1340 3173 incursio·

250 3201 254 3205 '
329 3216 390 3267 nes
414 3194 534 3267 multas
558 3194 592 3265 in
617 3217 715 3291 agros
742 3195 894 3267 Lacones
919 3213 1162 3278 exercuerunt,
1186 3197 1339 3288 jumenta

331 3294 609 3386 comportando,
644 3289 823 3385 messesque
866 3290 1047 3381 Laconicas
1088 3294 1340 3367 comburendo

331 3380 494 3482 Captivos
521 3386 651 3481 insuper
675 3387 735 3461 sub
758 3387 846 3460 halla
871 3388 1068 3471 vendebant.
1111 3388 1345 3465 Fecerunt&

330 3486 552 3580 irruptionem
575 3485 608 3556 in
634 3486 985 3581 oppidum'llmyclas
1017 3488 1148 3569 noslu,
1178 3488 1342 3579 cepitque

330 3580 401 3652 illas
426 3580 676 3664 Aristomenes,
701 3582 745 3659 ὅ(
780 3583 939 3673 diripuit,
972 3602 1146 3678 antequam
1180 3584 1344 3675 Spartani

195 3778 202 3789 .
251 3679 255 3683 ’
332 3675 495 3769 suppetias
522 3680 648 3768 pulsent
673 3680 772 3753 serre.
815 3680 952 3757 Deinde
981 3677 1060 3750 clim
1086 3696 1192 3767 totam
1216 3679 1347 3774 regio·

331 3797 411 3843 nem
435 3772 634 3859 devastaret,
656 3778 792 3850 obviam
813 3775 918 3847 sadus
935 3772 982 3846 est
995 3776 1345 3851 Lacedaemoniorum

255 3865 259 3871 ’
299 3924 300 3927 ,
330 3870 532 3963 manipulis,
551 3872 589 3946 ἃ
609 3873 741 3971 duobus
762 3869 925 3967 regibus,
952 3870 1191 3967 commilsdque
1218 3876 1348 3966 praelio

328 3969 465 4041 vulnera
486 3969 574 4040 inter
595 3972 814 4064 pugnandum
835 3990 907 4041 tum
931 3971 992 4041 alia
1013 3972 1162 4063 accepit,
1184 3989 1258 4045 tum
1285 3997 1348 4043 ca·

327 4083 390 4159 put
411 4064 482 4159 ejus
504 4065 612 4161 lapide
637 4063 683 4141 esl
708 4062 853 4148 iilum,
880 4064 964 4142 adeo
990 4086 1027 4145 ut
1050 4066 1197 4144 tenebre
1228 4068 1353 4236 cpolin

1211 4191 1232 4241 0
1261 4187 1346 4246 llss'!
