3175 4825
357 347 434 438 '172
472 331 475 338 ’
515 326 520 330 ’
561 333 865 421 Coumrur.
904 363 960 418 1n
996 346 1165 420 Anum

362 468 528 540 cervicem
558 459 694 542 subinde
722 470 956 540 volutantem:
985 492 1086 560 quam
1119 465 1178 538 fibi
1202 463 1356 552 veneficae

354 559 616 672 'accommodam
637 569 678 638 ad
695 564 850 638 amatoria
869 566 1107 636 incantamenta
1126 581 1250 654 putent.
1282 563 1357 633 Un-

363 663 406 730 de
430 664 627 753 accipientes
652 657 726 736 eam
752 685 834 734 rotae
866 663 1011 751 cuipiam
1043 664 1212 756 alligant,
1241 683 1274 729 ac
1302 658 1358 730 sua

364 767 517 830 canentes
551 761 692 830 carmina
726 759 1007 830 circumvolvunt.
1061 761 1200 828 Addunt
1235 755 1360 844 insuper

364 853 497 926 Scholia
520 857 694 928 Venerem
711 855 821 936 Jasoni
838 851 958 926 dedille
978 853 1060 926 hanc
1083 853 1243 927 aviculam
1259 852 1361 943 appli-

365 971 471 1024 catam
495 951 640 1024 rhombo
667 953 830 1044 pedibus‚
853 950 890 1026 δι
914 952 971 1022 alis
996 976 1130 1023 crucem
1156 951 1361 1040 complican-
1388 1000 1390 1071 t

365 1063 466 1119 tem:-
489 1070 526 1121 ut
552 1052 687 1123 Medea
711 1073 791 1142 erga
817 1070 965 1140 parentes
987 1045 1062 1120 suos
1088 1045 1276 1141 ipse‘Ialon
1302 1071 1363 1118 au·
1390 1076 1391 1152 p

365 1144 469 1216 ferret
488 1149 671 1236 pudorem,
690 1147 727 1221 dt
748 1147 836 1216 illam
858 1148 899 1216 ad
923 1144 1018 1215 suum
1041 1146 1200 1217 auxilium
1221 1142 1366 1214 inllimu·
1391 1154 1392 1229 l

359 1241 457 1326 latet.
489 1242 597 1330 Vides
620 1245 722 1338 igitur
739 1244 899 1332 picturam
919 1265 1094 1334 perperam
1107 1240 1261 1312 constare.
1288 1241 1367 1311 No·
1391 1229 1394 1361 l

365 1363 447 1411 tuen
478 1359 633 1429 praeterea
667 1340 803 1411 latinum
829 1363 896 1409 non
927 1343 1092 1413 convenit
1111 1339 1224 1443 Iyngi.
1272 1338 1367 1409 Nam
1394 1382 1395 1431 p

367 1434 562 1516 Marcella,
585 1454 621 1514 ut
645 1433 749 1508 {latim
776 1437 906 1516 dicam,
931 1435 991 1507 alia
1013 1433 1069 1530 estq
1098 1437 1251 1531 'lyogem
1268 1455 1367 1506 vocat
1395 1457 1396 1499 t

368 1533 464 1608 Gaza
485 1531 518 1600 in
551 1530 726 1605 Aristotele
755 1532 945 1605 Turbinem
978 1532 1014 1606 δι
1047 1531 1281 1625 Torquillam:
1307 1531 1398 1621 scd[

271 1693 273 1700 .
311 1699 313 1706 ,
368 1651 437 1699 non
469 1626 615 1721 desum,
649 1631 709 1723 qui¹
731 1631 827 1703 illum
856 1631 888 1699 in
917 1631 977 1702 hac
1008 1647 1097 1722 parte
1122 1627 1399 1721 reprehendant„

318 1749 321 1754 ·
362 1715 436 1796 *sed
457 1727 498 1796 de
522 1727 758 1808 mercamine,
781 1729 955 1820 quomodo
974 1727 1180 1798 reddendum
1199 1723 1235 1795 stt
1251 1723 1371 1804 latinia,

287 1823 289 1827 ’
368 1845 490 1918 magna
515 1822 561 1894 est
587 1823 825 1895 controversia:
851 1824 990 1914 quin&
1007 1824 1124 1919 grecis
1147 1827 1206 1895 virt
1225 1824 1372 1914 accedo,

364 1923 429 2011 lqui
454 1922 544 2006 ivm
568 1922 593 2016 'h
618 1917 760 2013 mirapav,
785 1927 810 2016 {cp
836 1921 998 2004 rurovupir
1020 1946 1083 2012 pro
1108 1919 1229 1992 eodem
1253 1943 1372 1991 nume·

364 2027 460 2098 iram,
476 2039 512 2090 ut
528 2021 663 2099 Suidas‚
675 2021 711 2092 tt
726 2011 962 2100 commentaria
975 2016 1161 2093 Theocriti.
1196 2014 1253 2086 Est
1269 2017 1371 2088 etiam

362 2114 452 2185 alius
471 2115 568 2184 locus
581 2117 710 2186 Pindari
731 2115 832 2208 super
856 2119 971 2186 eadem
989 2138 1045 2196 re,
1062 2137 1162 2208 quem
1186 2116 1260 2184 citat
1278 2114 1373 2186 Eras-

294 2301 298 2306 ,
322 2249 324 2256 ι
371 2231 446 2280 mus
466 2205 560 2281 fimut
585 2235 663 2280 cum
685 2208 735 2281 his
756 2219 830 2304 qna
852 2214 1018 2284 adducunt
1034 2206 1245 2301 interpretes:
1276 2209 1389 2300 Qua-.

372 2321 507 2397 propter
534 2304 713 2378 consultius
745 2306 884 2390 fecero,
914 2306 937 2378 fi
965 2306 1093 2382 Erasmi
1126 2307 1236 2379 verbis
1261 2303 1373 2379 om'nia

374 2401 527 2474 referam.
560 2402 601 2475 In
622 2404 740 2498 adagio
761 2403 879 2499 igitur,
895 2409 996 2505 Iyrrge
1020 2409 1141 2491 trc'lror,⁴
1156 2404 1200 2477 fic
1221 2403 1285 2484 ait,
1301 2405 1376 2495 Qui

374 2500 580 2579 vehementi,
603 2499 639 2574 dt
664 2501 841 2591 impotenti
863 2502 1027 2575 desiderio
1052 2504 1224 2577 trahuntur
1248 2505 1288 2574 ad
1310 2503 1377 2573 ali·

374 2597 477 2689 quid,
489 2598 601 2695 Iynge
619 2596 706 2693 xtrahi
722 2598 889 2682 dicuntum¹
915 2600 970 2671 Ita·
980 2601 1144 2673 'Pindarus
1159 2604 1192 2670 in
1215 2600 1379 2678 Nemera,

372 2696 488 2790 hymno
507 2718 541 2789 4.
561 2694 648 2779 irim
668 2695 788 2784 harpias
803 2692 887 2790 imp,
908 2696 1020 2780 idest,
1047 2704 1069 2769 1
1086 2721 1148 2792 nge
1173 2698 1285 2766 trahor
1303 2698 1379 2766 ani·

375 2814 436 2861 mo.
484 2791 666 2883 interpres.
686 2797 773 2866 addit
808 2792 998 2884 hujusmodi
1027 2722 1182 2866 sahulam.
1226 2791 1383 2886 Iyngem

376 2882 525 2981 (aiunt)
549 2889 643 2961 fuille
664 2890 765 2963 filiam
788 2890 921 2973 Echits5
950 2886 1179 2985 a'liisPythitss
1200 2899 1276 2978 quae
1301 2888 1385 2958 clim

370 2985 542 3056 ¹amatoriis
565 2987 700 3060 venenis
733 2987 886 3059 incitallet
912 2988 945 3055 in
968 2983 1187 3067 morellis,
1210 2982 1385 3065 hJunone

377 3078 456 3171 irata
477 3082 564 3154 versa
588 3082 633 3154 ell
656 3086 689 3157 in
712 3108 830 3166 avem,
855 3108 918 3176 qua
941 3082 1097 3173 mulieres
1122 3082 1172 3153 uti
1197 3079 1389 3153 consueve-

317 3208 320 3215 ’
371 3187 453 3273 'runt
478 3179 512 3249 in
537 3184 702 3253 amatoriis
728 3179 920 3260 veneficiis,
942 3180 1237 3273 quemadmodum
1259 3179 1390 3248 indicat

370 3274 582 3350 Theocritus
611 3280 641 3348 in
666 3278 952 3357 pharmaceutria,
979 3297 984 3309 “
1109 3336 1116 3349 .

427 3370 526 3465 liin}
548 3376 611 3445 ἕλκε
633 3371 667 3445 nti
692 3379 767 3469 circs
790 3372 857 3467 ipah
879 3373 952 3445 vrri
976 3373 1076 3465 horca
1100 3380 1122 3447 ‘l
1144 3372 1250 3469 cirdpa.

372 3477 395 3567 ’ἡ
428 3482 537 3551 Perre
552 3479 641 3566 iynx
655 3488 743 3545 meus
763 3475 819 3545 itte
839 3473 966 3544 domum
983 3475 1038 3543 vir
1056 3474 1158 3566 q'uaeso
1182 3474 1352 3545 trahatur.

380 3574 529 3660 Quidam
556 3571 697 3667 lyngem
717 3588 848 3643 vertunt
872 3568 1102 3652 Motacillam‚
1125 3568 1219 3661 quhd
1239 3572 1391 3641 caudam

380 3665 501 3742 affidut:
526 3686 666 3739 moveat.
704 3668 791 3740 Haec
816 3665 978 3739 Erasmus.
1015 3666 1068 3743 Ex
1085 3665 1207 3757 quibus
1227 3668 1303 3737 satis
1324 3672 1396 3759 'ap-

375 3770 472 3862 'parct
498 3764 579 3833 hanc
608 3764 769 3837 aviculam
802 3788 868 3835 noo
900 3759 993 3832 soille
1017 3761 1098 3830 olim
1129 3766 1398 3836 accommodam

382 3866 423 3933 ad
444 3860 662 3948 depellendos
690 3884 846 3940 amores,
876 3856 931 3928 sed
958 3859 998 3928 ad
1027 3858 1230 3932 inducendos
1259 3861 1399 3951 potius.

374 3963 425 4033 dd
448 3962 538 4059 quod
561 3956 632 4030 latis
652 3959 791 4033 declarat
814 3955 991 4035 versiculus
1009 3955 1201 4041 Theocriti,
1225 3957 1346 4122 totip'sh
1365 3957 1401 4025 in
