3175 4825
358 411 434 496 244
557 389 861 500 'contusum
898 416 957 470 ru
993 399 1164 506 Auum
1208 463 1212 470 .

237 591 241 595 .
346 534 474 612 Hanc,
505 529 663 623 inquam,
694 525 772 601 ciam
806 525 963 612 videret,
997 526 1091 620 spem
1118 529 1215 606 valde
1241 527 1359 602 malam

354 634 474 712 ,animo
501 626 710 720 concipiebat
729 625 913 719 ..potiundae
947 625 1124 712 uidone,
1156 623 1357 722 tanquamli

359 731 440 801 ‘cum
464 725 593 798 invidiis
616 722 694 795 ellet
720 722 901 818 agendumss
942 722 1115 814 Siquidem
1138 723 1207 818 ipse
1229 720 1358 795 modici

295 863 298 870 v
358 823 518 898 instrudlo
542 821 716 896 exercitu,
735 841 845 913 neque
869 818 1039 908 ampliter,
1062 845 1173 914 neque
1196 846 1259 915 pro
1275 818 1358 892 belli

361 923 525 1016 dignitate
551 919 587 994 dc
611 935 791 1011 apparatu,
815 933 872 987 aut
897 917 1153 1012 magnitudine,
1181 917 1256 991 sane
1278 937 1357 1010 pet·

359 1017 461 1114 quim
485 1017 597 1109 paucis
621 1015 797 1087 comitatus
823 1013 1029 1091 advenerat,
1050 1039 1093 1086 ac
1121 1014 1194 1088 illos
1225 1014 1357 1110 quidem

248 1195 249 1198 Ἴ
360 1134 399 1189 ut
423 1115 604 1206 plurimum
630 1110 769 1186 scutatos
794 1109 832 1184 dc
855 1109 976 1183 nudos.
1018 1109 1084 1182 Sed
1108 1109 1198 1184 ebim
1221 1135 1265 1183 err
1287 1109 1358 1191 his,

359 1211 421 1306 qui
446 1209 527 1284 nudi
552 1225 669 1286 erant,
691 1209 803 1300 plures
822 1202 923 1299 quim
947 1205 1086 1280 dimidia
1105 1233 1178 1300 pars
1199 1209 1358 1280 exercitus

359 1305 626 1382 numerabantur.
667 1305 783 1398 ltaque
805 1301 872 1396 jam
890 1307 934 1403 de
959 1307 1103 1394 petendo
1127 1305 1281 1387 foedere,
1303 1303 1359 1375 se·

360 1401 547 1498 tenditque,
560 1400 649 1494 pacis
671 1397 917 1474 conditionibus
941 1400 979 1476 ἃ
1006 1399 1096 1474 bello
1116 1399 1360 1475 convenientis·

360 1496 442 1573 lim'e
463 1502 701 1591 componendo
727 1499 842 1570 secum
864 1495 994 1593 agebat.
1036 1499 1141 1591 Atqui
1169 1500 1361 1596 Theodatas

361 1597 518 1670 Rhodius
539 1596 591 1669 vir
618 1594 736 1670 excelsa
758 1594 795 1669 ἃ
821 1593 975 1691 generosi
1004 1595 1140 1679 animi,
1166 1597 1361 1670 instruenda

361 1696 445 1766 aciei
471 1718 539 1766 non
564 1693 763 1792 imperitus,
788 1689 868 1766 crim
918 1689 1013 1763 raesto
1044 1689 1152 1776 ellet,
1179 1691 1362 1790 regsmque

312 1800 318 1808 “
360 1783 554 1886 perturbato
575 1795 687 1864 animo
712 1787 776 1861 eise
796 1811 864 1860 non
887 1717 1019 1860 sinebat.
1057 1789 1101 1860 Et
1125 1808 1215 1862 erant
1240 1793 1362 1864 Antio·

361 1888 427 1962 eho
448 1889 604 1963 undecim
624 1887 656 1960 in
680 1884 829 1968 exercitu
846 1884 1045 1980 elephantes.
1077 1884 1362 1977 HosTheodatas

360 1988 451 2084 juffit
476 1986 600 2058 interea
619 1984 731 2057 haberi
754 1979 853 2077 quim
878 1983 1133 2065 occultillimos‚
1157 2009 1199 2056 ne
1223 2010 1267 2058 ex
1291 1986 1362 2058 acie

262 2117 264 2124 s
360 2101 556 2177 apparentes
576 2081 745 2172 conspicui
766 2079 882 2152 fierent
901 2078 1060 2155 hostibus.
1090 2078 1160 2152 Ubi
1183 2079 1264 2155 verb
1284 2081 1364 2156 tuba

281 2233 285 2240 ·
361 2181 495 2275 signum
520 2179 630 2261 dedit,
650 2177 688 2255 &
709 2197 826 2248 manus
852 2173 1216 2257 commendatiorem,
1240 2203 1279 2250 ae
1300 2179 1364 2252 ho-

361 2276 468 2361 ilium¹
481 2277 655 2367 ¹equitatus
687 2270 936 2365 imprellionem
970 2268 1122 2356 faceret,
1158 2274 1195 2351 δι
1233 2275 1361 2352 Galate

361 2389 474 2467 aperta
502 2371 807 2468 phalange‘currus
833 2369 1070 2453 immitterent,
1093 2388 1172 2444 tunc
1195 2370 1260 2447 un'a
1286 2397 1363 2447 eum

274 2483 276 2486 ’
361 2467 709 2566 qnantum-elephantis
729 2469 886 2561 utrinque
910 2469 1075 2561 equitibus
1103 2466 1166 2541 elle
1184 2494 1364 2544 occurren·

329 2578 347 2593 ¹¹
362 2572 445 2640 dum
470 2565 620 2639 docebat.
661 2568 753 2638 ouo
777 2583 890 2636 autem
908 2565 1053 2659 reliquos
1069 2566 1383 2662 .aurigis&curri·'
1413 2629 1414 2632 ,

286 2742 288 2751 ,
362 2666 427 2738 bus
445 2663 508 2736 elle
526 2663 763 2751 immittendos.
806 2660 995 2744 Hocenim
1016 2662 1269 2757 sediminquir,
1286 2664 1365 2738 illo·

361 2787 440 2854 pum
463 2759 540 2854 equi
563 2759 833 2851 perterrebuntur
856 2784 893 2831 ac
918 2777 1007 2830 retro
1030 2760 1198 2856 fugientes
1218 2760 1251 2831 in
1278 2760 1368 2854 ipsos

340 2946 344 2952 Δ
362 2859 499 2949 Galatas
520 2848 622 2947 illapsi
644 2856 807 2950 impetum
829 2855 975 2937 lanient,
999 2879 1060 2929 nec
1080 2859 1274 2946 opinionem
1291 2859 1369 2951 ejus

351 2956 411 3028 rei
433 2952 598 3047 praedidiae
620 2973 758 3026 eventus
772 2945 909 3025 fefellit.
937 2941 1042 3026 <clm
1064 2954 1153 3024 enim
1175 2972 1267 3029 antea
1289 2958 1368 3029 nul·

297 3066 302 3074 '
358 3054 434 3126 lum
455 3048 668 3143 elephantum
685 3048 860 3127 vidissent,
880 3044 960 3119 ciam
975 3048 1034 3141 ipsr
1052 3050 1181 3123 Galatae
1196 3068 1269 3124 tum
1287 3052 1368 3147 equi

356 3150 515 3231 illorum,
530 3142 614 3217 aded
636 3169 726 3220 novo
740 3144 776 3221 ἆ
791 3143 959 3235 inopinato
973 3146 1224 3238 elephantorum
1238 3147 1371 3239 speeta-

352 3248 440 3321 culo
466 3244 584 3329 animis
602 3238 798 3327 ¹consternati
821 3243 917 3325 sunt,
937 3260 977 3316 ut
1002 3241 1102 3338 longe
1120 3246 1228 3318 adhuc
1250 3244 1269 3317 a
1290 3244 1370 3317 bel-

224 3339 228 3348 ’
360 3345 426 3419 luis
443 3339 631 3417 constituti,
652 3340 864 3432 posteaquam
879 3336 987 3410 sohim
1003 3342 1173 3435 rugientes
1187 3328 1374 3427 audissent,

349 3436 538 3535 'dentesque
558 3439 701 3510 candore
718 3438 903 3511 relucentes
916 3434 1086 3518 vidissent,
1100 3439 1203 3511 veluti
1224 3464 1269 3513 ex
1288 3456 1371 3514 toto

359 3538 465 3631 nigro
480 3558 645 3627 corpore,
670 3550 742 3607 turn
765 3533 866 3607 etiam
888 3532 1124 3626 proboscidem
1150 3538 1192 3607 ad
1213 3539 1371 3629 predam

353 3633 399 3707 'dt
424 3633 645 3724 direptionem
675 3630 860 3705 faciendam
896 3628 1035 3703 sublatas
1054 3657 1073 3707 r
1101 3629 1293 3726 priusquam
1325 3634 1373 3707 ab

334 3781 335 3792 r
358 3728 503 3803 arcubus
526 3729 588 3801 tela
611 3725 832 3809 extorsissent,
853 3722 952 3799 versis
967 3726 1057 3799 retrb
1076 3728 1231 3812 habenis,
1249 3730 1392 3805 nulls·-

349 3845 427 3925 ·que
440 3828 567 3899 servato
586 3825 701 3898 ordine
716 3824 929 3921 aufugerunt.
954 3824 1021 3897 Sed
1039 3825 1129 3897 enim
1152 3826 1285 3917 pedites
1307 3830 1376 3901 ali-

331 3919 547 4021 squantisper
563 3920 684 3995 alterna
700 3926 791 3995 carde
808 3922 909 4002 semet
927 3918 1022 3993 hastis
1038 3924 1269 3999 confodientes
1286 3951 1378 3997 con·

332 4016 334 4023 ’
353 4022 573 4121 *calcabantur
596 4016 642 4100 ab
659 4016 825 4123 equitibus
845 4018 881 4097 ia
898 4017 1037 4098 illorum
1060 4021 1212 4095 ordinem
1231 4022 1377 4198 ἰΙΙέρΙὶε.

349 4140 356 4157 ·
1302 4144 1376 4195 ur-
