3175 4825
330 467 406 545 394
533 442 1141 524 commeruissem.

332 577 415 650 citus
433 572 561 643 evertit.
601 570 689 642 Hac
714 566 828 640 Solon.
869 563 912 644 Et
929 562 1087 640 ltasienus
1107 565 1149 638 de
1170 558 1242 640 his,
1265 575 1342 649 qua
1417 559 1419 602 ¹

332 669 495 760 pertinent
521 671 561 739 ad
584 666 735 738 nostrum
759 661 936 735 emblema.
988 663 1055 731 Sed
1080 661 1239 752 quoniam
1265 679 1338 764 cre·
1412 742 1417 753 Ι

332 763 397 845 brit
426 765 612 837 sollicitatus
647 761 719 834 sum
744 758 762 832 it
792 756 1024 852 quibusdam,
1050 782 1092 828 ne
1120 758 1153 826 in
1180 754 1230 824 his
1254 773 1339 859 mers

333 860 465 932 scholiis
489 858 634 934 concisas
660 860 696 933 δι
723 875 855 930 truncas
879 856 934 928 vel
957 853 1088 928 fabulas
1109 855 1163 925 vel
1188 849 1337 924 ltislortas

334 980 530 1032 narrarem:
559 957 693 1030 decrevi
722 977 766 1030 ex
790 955 912 1024 eodem
941 951 1124 1023 Herodoto
1150 951 1339 1040 (mouente

336 1057 435 1126 etiam
456 1053 592 1129 Socrate
616 1055 650 1124 iu
675 1053 884 1146 Gorgias-tte
911 1047 1039 1124 fabulas
1066 1068 1195 1122 truncas
1220 1043 1339 1116 dimit·-

334 1170 461 1230 tamus,
487 1151 541 1222 sed
563 1167 661 1241 caput
677 1149 908 1238 imponamus,
922 1171 966 1218 ue
979 1143 1101 1236 absque
1116 1146 1223 1236 capite
1244 1159 1339 1211 trun·
1418 1225 1419 1232 ἵ

312 1269 383 1320 rte
401 1247 594 1335 oberrent)
630 1244 852 1336 subjungere:-
890 1267 964 1337 quae
991 1241 1113 1316 Croeso
1141 1240 1339 1314 evenerint,
1418 1243 1419 1264 ³

332 1344 408 1446 poll
427 1363 602 1434 acceptum
626 1338 643 1412 it
670 1341 795 1412 Solone
822 1336 1026 1432 responsum.
1069 1336 1210 1414 Croesus
1233 1337 1339 1429 igitur

333 1443 471 1513 oraculo
500 1439 667 1530 Apollinis
699 1461 874 1530 perperam
913 1437 1109 1518 intelteuo,
1136 1438 1169 1506 iu
1204 1433 1340 1526 Cyrum

331 1538 580 1627 expeditionem
602 1537 748 1626 paravit,
768 1533 827 1606 ubi
843 1529 866 1602 a
883 1531 987 1607 Persis
1006 1553 1120 1630 captus
1143 1533 1184 1603 ad
1203 1531 1341 1624 Cyrum

330 1634 510 1725 perdudius
527 1632 601 1703 suit.
635 1633 724 1704 Eum
746 1631 859 1727 Cyrus
879 1631 1027 1702 vinetum
1046 1629 1268 1721 compedibus
1284 1623 1340 1698 su·

330 1754 391 1827 per
416 1732 588 1825 ingentem
619 1729 790 1825 lignorum
822 1725 944 1798 siruem
975 1728 1148 1820 imponit:
1178 1725 1340 1816 circaque.

304 1837 411 1899 'eum
438 1828 489 1899 bis
523 1826 649 1917 septem
687 1826 863 1922 Lydorum
896 1821 1017 1901 filios,
1052 1824 1118 1896 live
1151 1821 1272 1894 habens
1301 1821 1339 1890 in

331 1926 444 1999 animo
469 1926 627 2017 primitias
649 1921 707 1997 has
736 1922 834 1992 alicui
856 1917 976 1991 offerre
999 1923 1100 2006 Deo,
1126 1917 1193 1991 sive
1219 1920 1342 1991 volens

274 2040 279 2053 ‘
330 2042 450 2094 votum
471 2020 678 2114 persolvere,
700 2017 767 2088 sive
783 2017 924 2108 cupidus
947 2015 1068 2088 sciendi
1090 2017 1245 2112 numquis
1265 2019 1337 2084 dae·

329 2141 472 2192 monum
493 2119 644 2188 liberaret
665 2115 847 2195 Croesum,
867 2138 968 2205 quem
984 2114 1176 2210 religiosum
1196 2109 1260 2185 elle
1276 2137 1339 2184 au-

330 2215 458 2296 dierat,
484 2240 551 2305 quo
578 2211 688 2282 minus
711 2236 804 2305 pyrae
829 2207 999 2302 impolitus
1019 2215 1115 2286 vivus
1136 2235 1337 2282 concrema-

243 2303 249 2312 ’
330 2330 432 2384 retur.
465 2307 587 2383 Croeso
604 2326 715 2381 autem
736 2305 831 2398 super
847 2331 964 2404 pyram
981 2308 1095 2393 slanti,
1110 2308 1167 2379 etfi
1186 2311 1220 2378 in
1244 2327 1337 2380 tanta

330 2407 514 2502 calamitate
536 2403 664 2497 posito,
682 2428 792 2477 tamen
812 2401 933 2477 venilse
956 2405 988 2475 in
1012 2428 1160 2478 mentem
1181 2406 1339 2492 Solonis,

330 2505 423 2596 quod
442 2503 485 2575 ab
506 2528 548 2584 eo
574 2501 631 2574 sthi
655 2522 737 2575 nutu
754 2503 823 2574 Dei
844 2500 951 2577 fuisset
972 2504 1122 2585 dietata,
1139 2504 1195 2581 Etr
1218 2506 1338 2573 viven-

328 2600 417 2671 tibus
432 2600 564 2672 beatum
589 2598 652 2672 esse
666 2602 845 2673 neminem.
886 2602 993 2691 Quod
1009 2604 1134 2673 didlum
1155 2601 1213 2673 ubi
1230 2598 1337 2679 subiit

330 2694 478 2777 Croeso,
498 2696 612 2770 serunt
635 2723 714 2769 eum
740 2721 783 2768 ex
807 2696 996 2769 vehementi
1021 2698 1209 2773 desertione
1230 2697 1336 2767 animi

305 2795 457 2868 ,vicium
487 2792 759 2887 ingemiscentem
793 2812 844 2870 ter
869 2795 1027 2865 Solonem
1059 2791 1267 2866 nominasse:
1298 2796 1339 2883 ὃς

328 2888 484 2983 Cyrum,
511 2891 588 2964 sitm
615 2889 770 2974 audisset,
791 2887 907 2982 juffille
930 2891 1123 2983 interpretes
1150 2915 1229 2963 eum
1251 2916 1336 2982 per-

330 2989 476 3058 eundiari
486 3029 497 3066 ,
509 2985 685 3079 quemnam
701 2988 888 3064 invocaret,
899 2983 1035 3079 illtllque
1050 2991 1239 3060 accedentes
1255 2985 1339 3070 fuis-
1417 2986 1418 2989 '

327 3080 362 3152 se
380 3085 680 3171 permodicum&
695 3085 783 3157 hunc
802 3084 1042 3177 interrogatum
1063 3084 1225 3157 silentium
1244 3083 1337 3179 egis·
1417 3092 1418 3177 j

325 3176 370 3259 se.
393 3182 530 3257 Deinde
550 3178 629 3258 cum
654 3184 746 3273 loqui
767 3198 965 3273 cogeretur,
988 3179 1124 3265 dixisse,
1143 3182 1244 3257 Illum
1265 3206 1337 3253 no.
1417 3182 1418 3237 l

325 3280 470 3360 minavi,
488 3279 545 3372 qui
566 3299 602 3351 ut
627 3302 744 3350 omnes
762 3278 1005 3369 alloqueretur,
1024 3282 1134 3373 potius
1153 3276 1253 3373 quiam
1278 3280 1336 3349 in.

325 3393 461 3473 gentem
484 3380 659 3468 pecuniam
678 3392 907 3467 praeoptarem.
949 3376 1037 3447 Eum
1060 3400 1128 3448 nott
1148 3372 1242 3467 plan'e
1269 3374 1334 3446 lo·
1417 3336 1418 3420 l

325 3494 485 3557 quentem
520 3470 629 3546 rursus
660 3473 869 3565 interrogat,
902 3475 1070 3565 quodnam
1102 3470 1205 3554 esset,
1238 3474 1339 3566 quod

323 3564 462 3640 dixisler.
504 3568 771 3664 Efflagitantibus
804 3588 903 3659 atque
927 3569 1150 3645 infestantibus
1181 3572 1335 3641 interro·

322 3666 485 3756 gerione,
511 3668 635 3763 iuquit,
659 3667 944 3762 quemadmodum
970 3668 1074 3740 Solon
1102 3672 1142 3739 ad
1168 3692 1248 3740 eum
1269 3692 1335 3739 ve,

322 3756 441 3843 nitier,
469 3763 535 3837 &u
575 3765 665 3842 Hac
692 3764 816 3840 Croeso
845 3763 1037 3843 referente,
1067 3767 1133 3859 jam
1163 3790 1246 3861 pyra
1272 3766 1336 3834 in-

321 3856 416 3930 censa
440 3860 556 3931 ardere
576 3862 755 3955 inceperat.
793 3861 907 3955 Cyrus
931 3861 1051 3935 auditis
1077 3886 1135 3953 per
1159 3864 1333 3956 interpre-

315 3973 393 4024 tem
418 3982 492 4050 qua
516 3956 655 4031 Croesus
676 3960 832 4034 retulerat
858 3957 1048 4046 poenituisse
1076 3959 1220 4037 dicitur,
1250 3956 1336 4031 clim

320 4053 353 4136 le
373 4076 508 4165 quoque
525 4054 698 4138 homiuem
718 4053 783 4139 erte
810 4053 1052 4156 cognosceret,
1073 4056 1131 4159 qui
1149 4057 1252 4165 alium
1268 4058 1334 4129 ho-

327 4182 332 4189 ·
1172 4177 1333 4238 minema
