3175 4825
334 413 409 492 234
521 351 835 478 {commeant
870 418 928 474 tu
964 402 1131 477 Auum

347 585 351 592 .
387 523 480 600 Vilio
495 523 575 612 sunl
591 523 733 618 gilvis.)
761 523 805 593 Id
825 521 990 608 ell‚vilia
1015 520 1192 619 nativaque
1216 523 1340 599 vellera

337 621 435 716 gilvis
463 622 570 692 birris.
600 621 642 690 Id
667 618 735 702 est,
763 617 835 691 sunt
861 638 933 714 apta
957 623 997 693 ad
1023 623 1130 694 birros
1158 622 1344 695 faciendos·

337 719 431 788 Nam
457 719 511 790 hic
540 717 648 789 birrus
674 742 741 788 non
772 741 835 805 pro
862 719 976 790 colore
1003 722 1158 810 eapitur.
1191 718 1246 790 sed
1278 745 1341 812 pto

336 815 558 894 vestimento,
586 838 653 906 quo
680 839 829 888 arcemus
854 839 954 909 aquas
985 841 1063 889 cum
1088 821 1150 887 iter
1175 818 1340 902 facimus,

337 911 465 1004 quiex
492 916 604 984 colore
627 914 739 983 nativo
762 913 810 984 fit.
853 916 1000 985 Nativus
1021 931 1134 987 autem
1162 916 1278 996 color,
1304 933 1343 986 ut

337 1011 382 1089 ait
412 1013 584 1093 Perottus,
610 1006 713 1080 modi>
741 1008 774 1080 in
792 1009 1010 1090 albedinem,
1034 1009 1140 1082 modi>
1162 1013 1196 1081 in
1221 1013 1341 1106 nigre-

283 1131 287 1160 :
340 1106 453 1178 dinem
474 1110 589 1179 tendit.
614 1103 720 1176 Hunc
741 1127 842 1178 vocat
863 1109 980 1180 Alciat.
1001 1105 1055 1177 hle
1082 1110 1222 1182 Giluum.
1258 1109 1344 1198 Ejus

337 1203 441 1277 verba
454 1202 525 1276 sunt
537 1202 783 1296 ‚Subsequitur
795 1204 939 1298 (inquit)
956 1205 1139 1280 Cineritius
1156 1231 1224 1298 quo
1239 1207 1342 1276 Fran·
1380 1284 1383 1294 ¹

339 1297 457 1370 ciscani
485 1302 597 1395 paffim
624 1302 657 1372 in
685 1301 855 1392 praesentia
883 1303 1075 1375 induuntur.
1124 1305 1201 1374 Nos
1235 1305 1341 1399 vulgo

337 1394 537 1471 birtetinum
564 1400 726 1477 dicimus,
752 1397 844 1492 quod
869 1398 999 1472 viatotii
1023 1399 1243 1490 militaresque
1262 1400 1343 1471 bitti

326 1553 329 1564 .
335 1513 476 1586 propter
503 1497 678 1568 utilitatem
707 1495 776 1566 hoc
811 1496 925 1568 colore
959 1493 1069 1568 ellent.
1120 1499 1271 1570 Melinus
1300 1523 1342 1570 ex
1403 1428 1414 1602 i

337 1594 515 1684 pigmento
539 1591 557 1664 it
582 1596 678 1668 Mele
704 1593 806 1664 insula
833 1592 875 1666 stc
899 1594 1025 1676 dietus,
1050 1591 1151 1686 quem
1179 1594 1342 1669 Latini&
1403 1612 1411 1687 '3

338 1689 484 1784 Gilvum
508 1693 827 1782 appellant‚Setvio
852 1707 977 1762 autore.
1015 1691 1057 1759 Et
1078 1689 1181 1774 infra,
1202 1690 1259 1762 Est
1277 1693 1342 1785 igi·
1412 1778 1413 1783 ἵ

339 1801 394 1856 tut
424 1785 546 1862 Gilvus
570 1789 691 1872 color:
717 1789 863 1870 scilicet,
888 1789 1112 1880 quadantenus
1136 1791 1170 1858 in
1200 1788 1343 1860 rubrum
1408 1838 1414 1883 p

338 1905 492 1979 vergens.
535 1885 665 1958 Bitnum
689 1911 823 1980 quoque
845 1902 942 1958 vocat
966 1883 1115 1956 Alciatus
1141 1885 1174 1955 in
1201 1888 1342 1980 Partrg.
1410 1938 1414 1955 .

209 1993 211 2002 ‘
338 2005 407 2071 quo
438 1985 580 2054 interdiu
617 2008 732 2055 omnes
764 2005 826 2074 pro
860 1982 1011 2074 tegmine
1045 1984 1160 2071 capitis
1193 2000 1344 2054 utuntur.
1412 2020 1414 2048 r

337 2077 403 2146 Pet
438 2081 619 2176 lignipedes
654 2072 829 2152 intellexit
850 2078 1108 2157 Francilcan0s‚
1133 2081 1191 2171 qui
1221 2079 1344 2150 alicubi

337 2191 475 2247 utuntur
503 2177 621 2246 calceis
647 2177 794 2270 ligneis,
819 2177 985 2267 praecipu'e
1010 2193 1101 2245 extra
1137 2175 1345 2266 Hispaniam.

267 2283 298 2338 ,’
339 2272 444 2360 Apud
473 2274 546 2343 illos
580 2292 741 2345 vocamur
762 2275 965 2368 pinzocleri.
1013 2270 1242 2365 Lignipedum
1264 2296 1346 2344 me·

340 2369 438 2437 minit
473 2369 600 2440 Politia.
633 2370 686 2442 lib.
715 2367 801 2465 epifi.
818 2389 852 2464 7.
887 2371 922 2441 in
954 2367 1099 2464 Prologo
1124 2371 1248 2446 Flami.
1290 2371 1347 2442 Sic

339 2466 507 2538 Cucullati
531 2468 714 2560 lignipedes
737 2470 836 2537 cincii
859 2466 1006 2541 funibus.

389 2561 495 2653 Quem
510 2589 595 2637 curae
609 2569 790 2661 ingentes.)
815 2564 882 2635 His
901 2564 1027 2636 accedit
1042 2563 1079 2637 &
1093 2563 1207 2637 fulvus
1230 2562 1348 2646 color,
1410 2598 1414 2637 ·.

339 2683 441 2750 quem
463 2663 572 2733 Leoni
600 2662 915 2756 Virgilmttribuit:
946 2660 1102 2734 fraxineae
1128 2660 1222 2732 halla
1251 2662 1346 2731 Ovi·
1411 2658 1414 2667 ’

293 2792 297 2799 ·
339 2757 433 2827 dius:
460 2777 496 2830 ut
525 2759 596 2832 satis
623 2775 774 2852 appareat
794 2758 881 2835 elle,
902 2783 1003 2851 quem
1024 2758 1041 2828 it
1063 2757 1206 2846 castanea
1226 2757 1347 2827 Tane-

338 2869 410 2925 tum
437 2880 628 2928 vocamus:
666 2856 723 2927 nist
749 2853 841 2949 quod
865 2854 976 2927 fulvus
1005 2857 1149 2928 clarior:
1180 2853 1348 2925 castaneus

338 2950 439 3045 pauli>
464 2953 636 3025 obscurior
663 2953 719 3025 est.
759 2953 883 3023 Alciat.
953 2959 956 2968 '

387 3046 540 3143 Quisquis
555 3049 646 3137 sorte
662 3050 761 3140 sua.)
790 3047 847 3120 Est
871 3045 1076 3142 &Ostrinus
1103 3046 1217 3123 color,
1233 3046 1293 3136 qui
1313 3042 1351 3119 &

337 3170 527 3241 purpureus
551 3145 629 3217 alibi
654 3170 697 3218 ex
730 3144 986 3242 conchyliorum
1016 3146 1103 3218 sanie
1142 3143 1266 3217 rubens
1291 3165 1349 3212 at·
1412 3183 1414 3204 ι

339 3245 485 3337 densque
502 3288 514 3327 ,
531 3238 622 3315 'alibi
655 3244 851 3322 violaceus,
882 3239 939 3314 seu
962 3244 1147 3323 ianthinas,
1180 3236 1349 3313 artificum

339 3342 481 3438 ingeniis
501 3364 588 3412 nunc
611 3340 783 3427 intentor,
808 3363 895 3413 nunc
913 3344 1060 3431 prelliot.
1105 3339 1224 3412 Alciat.
1260 3335 1350 3418 lon,
1412 3353 1413 3362 ’

339 3442 426 3514 viola
451 3436 519 3521 est,
547 3438 663 3511 anthus
687 3439 776 3512 flos:
801 3440 878 3510 inde
901 3438 1098 3523 lentinuus,
1119 3436 1300 3507 violaceus.

387 3524 512 3627 Qualia
537 3536 751 3635 lignipedes.)
779 3537 821 3607 In
847 3554 939 3628 parte
965 3535 1026 3607 hac
1062 3528 1148 3606 mal'e
1174 3530 1348 3621 depifilum

340 3634 386 3706 ell
408 3632 595 3703 emblema:
622 3637 756 3710 claudos
779 3634 895 3718 enim,
919 3630 957 3707 ἃ
977 3633 1036 3729 qui
1060 3630 1218 3707 haberent
1244 3626 1352 3717 pedes

230 3813 232 3827 .
339 3733 470 3833 ligneos
497 3725 668 3821 intellexit.
1233 3763 1237 3771 ’
