3175 4825
351 426 1072 548 nncrrnrensnznjxuv.
1163 488 1236 572 ης

260 593 354 690 Quae
372 595 437 682 tili
448 591 544 692 -adeJl
562 595 747 690 uolueris.)
770 590 914 680 Duplici
937 596 981 668 de
1002 593 1098 670 cause
1116 597 1237 672 cornix

218 691 316 767 simul
345 719 424 768 cum
451 694 510 786 spe
543 694 771 790 conjungitur.
819 689 930 765 Prima
953 713 1090 785 propter
1118 691 1239 766 osten-e

217 807 295 864 tum
320 793 422 873 illud,
448 792 543 886 quod
571 793 605 864 iu
629 813 740 864 morre
765 788 956 862 Domitiani
979 788 1131 886 contigit.
1175 791 1235 864 De

224 913 295 982 quo
320 887 362 960 fic
381 891 427 964 ait
454 891 661 965 Suetonius,
693 891 788 959 Ante
810 907 957 984 paucos,
981 881 1237 982 pudnsoccide·

227 1007 338 1070 retur,
369 985 490 1074 menses
522 988 637 1062 cornix
668 987 703 1056 in
734 984 896 1081 Capitolio
920 985 1049 1055 elocuta
1077 978 1142 1077 est,
1165 984 1236 1073 ΐςη

227 1080 322 1155 eane
340 1082 449 1159 snae.
481 1083 525 1156 ld
544 1081 613 1164 est,
630 1082 739 1154 ¹onmia
752 1078 838 1153 retii
858 1077 1046 1177 procedens.
1083 1079 1165 1154 Nee
1178 1084 1241 1154 de·

222 1178 303 1262 fitit,
327 1183 387 1274 qui
415 1179 581 1255 ostentum
608 1177 651 1252 lic
678 1179 972 1271 interpretaretur,

265 1281 391 1374 Nuper
418 1278 577 1376 Tarpeio,
600 1301 672 1374 quae
684 1275 771 1366 sedis
797 1277 934 1350 culmine
957 1277 1099 1359 cernis,

320 1373 382 1467 Est
410 1374 484 1449 bene
507 1399 572 1447 non
594 1375 702 1473 potuit
731 1373 858 1455 dicere,
884 1374 972 1448 dixit
1002 1376 1092 1450 Erit.

221 1470 313 1544 Hoc
343 1472 561 1566 Tranquillus
586 1471 619 1542 in
644 1471 710 1544 fine
743 1472 845 1552 torius
874 1473 995 1562 operis.
1046 1473 1164 1550 Altera
1191 1473 1241 1552 eu

219 1565 344 1652 eausa,
364 1572 426 1662 (ut
450 1593 518 1666 ego
542 1568 726 1668 conjeslo)
749 1588 886 1666 propter
909 1566 1122 1664 frequentem
1147 1571 1242 1649 illius

220 1666 290 1740 avis
314 1667 635 1762 clangoremque
658 1665 791 1758 semper
818 1662 1000 1760 ingeminat
1024 1665 1092 1740 hoe
1114 1672 1242 1744 adver·

220 1763 341 1853 bium,
365 1788 464 1847 eras,
488 1788 581 1838 eras:
608 1765 698 1836 unde
724 1759 847 1834 merim
874 1759 945 1854 spei
970 1760 1162 1858 symbolum
1190 1765 1246 1840 est·

224 1866 370 1948 cornix,
400 1878 580 1954 propterea
603 1856 696 1951 quod
720 1856 850 1955 semper
877 1856 1106 1954 quisperant,
1135 1863 1247 1936 animi

227 1965 388 2052 pendeant
417 1958 453 2030 in
476 1957 629 2032 futurum
655 1975 802 2052 tempus.

269 2055 343 2150 Qui
364 2052 519 2130 comites?
545 2055 648 2128 bonus
672 2055 847 2148 eventus.)
871 2051 1120 2132 circumfertur
1145 2053 1243 2130 libel·

226 2155 278 2227 lus
307 2153 524 2236 Bartolomaei
545 2149 727 2234 Marliani,
761 2153 820 2246 qui
850 2151 1038 2227 inscribitur
1059 2152 1246 2254 Topogro-

227 2251 312 2346 plain
328 2251 413 2322 urbis
424 2251 551 2324 Rornae.
576 2248 631 2320 lbi
656 2249 761 2346 igitur
786 2249 842 2324 til.
855 2255 889 2329 6.
907 2272 979 2349 cap.
991 2251 1023 2326 6.
1046 2249 1119 2327 haec
1140 2253 1245 2328 verbe

232 2349 372 2440 reperi,
393 2346 530 2443 Templi
555 2344 636 2419 boni
662 2361 802 2424 eventus
826 2347 965 2447 vestigia
993 2351 1177 2445 quadrata,
1205 2351 1246 2429 &

232 2445 390 2539 oblonga
414 2444 599 2538 spesinntur
619 2487 633 2527 ,
656 2446 742 2519 inter
767 2446 937 2523 Minervae
962 2446 999 2523 &
1027 2448 1061 2521 ὃ.
1082 2448 1249 2525 Eustathii

172 2546 175 2621 l
230 2541 371 2636 plateas.
410 2541 591 2617 Colebatur
615 2561 727 2616 autem
753 2561 911 2627 eventus,
937 2564 975 2617 ur
1003 2548 1119 2617 omnia
1149 2544 1246 2635 pros-
1339 2633 1341 2636 Ι

229 2638 316 2735 pere
336 2636 557 2733 foelicridrque
582 2642 763 2713 evenirent.
806 2642 924 2732 Quare
948 2642 1064 2716 Varro
1088 2641 1130 2711 ad
1149 2644 1246 2715 Fun·

229 2740 363 2812 daniam
377 2736 544 2817 scribens,
557 2731 663 2829 ipsum
679 2738 858 2809 invocavit.
883 2736 994 2829 Cujus
1006 2733 1248 2812 simulachrum

230 2854 296 2909 erat
320 2832 439 2910 habitu
461 2834 643 2928 pauperis,
662 2836 780 2907 dextra
805 2855 907 2906 manu
933 2851 1100 2925 pateram,
1124 2832 1251 2913 finislra

232 2932 313 3008 vero
337 2952 457 3005 tenens
478 2930 613 3023 spicam.
659 2931 860 3005 Praxitelem
881 2928 981 3023 hujus
1005 2931 1093 3007 Divi
1114 2931 1254 3009 fimula·.

234 3032 352 3107 ebrum
386 3028 421 3099 in
453 3027 624 3121 Capitolio
657 3026 768 3103 fecisse
802 3027 936 3103 testatur
968 3029 1106 3104 Plinius.
1154 3031 1248 3107 Haec

234 3132 295 3203 ille.
338 3124 434 3201 Vide
457 3127 558 3198 etiam
583 3125 814 3203 Alexandrum
839 3125 881 3200 ab
909 3127 1104 3199 Alexandro
1123 3129 1163 3199 in
1188 3130 1254 3204 lib..

234 3229 372 3303 Dierurn
390 3222 572 3319 genitalium
596 3222 655 3296 til.
670 3244 704 3319 4.
730 3244 871 3321 cop412.
884 3224 938 3295 ·Et
963 3222 1111 3297 Plinium
1127 3223 1251 3322 liin,

234 3351 267 3399 to
289 3383 298 3400 .
319 3328 358 3402 8.
1245 3393 1255 3409 .

263 3349 357 3518 γρηὶ
376 3416 572 3515 praeeunti)
606 3414 695 3489 Haec
723 3418 827 3493 verba
851 3414 937 3491 milri
970 3408 1127 3492 videntur
1148 3420 1249 3515 polle

234 3523 356 3607 melius
380 3515 451 3610 legi
477 3511 544 3601 stne
568 3512 851 3609 interrogatione,
875 3514 977 3589 &ad
1003 3513 1171 3605 superiora
1184 3516 1250 3595 ¹re-

234 3619 339 3693 serri:
360 3633 400 3689 ut
428 3610 595 3708 intelligas
617 3612 747 3695 bouum
772 3632 952 3693 eventum,
978 3609 1250 3708 &Cupidinem

230 3718 314 3811 Spei
337 3712 404 3789 elle
428 3709 728 3794 anteambulones,
755 3712 815 3806 qui
839 3715 940 3791 etiam
965 3731 1128 3787 vocantur
1153 3717 1252 3807 sorn-

231 3820 286 3889 nia
313 3836 400 3889 vana
424 3807 579 3905 vigilum.
627 3809 695 3880 Sed
723 3810 766 3891 de
792 3809 864 3891 ‚hoc
889 3809 1033 3885 liberum
1063 3808 1133 3896 esto
1158 3814 1256 3909 judi-¹
1346 3854 1353 3878 ε

232 3916 338 3987 cium.
390 3904 474 3979 Hoc
503 3923 615 3977 autem
648 3928 696 3977 ex·
722 3908 861 3978 Platone
882 3905 1063 3997 'sumpiutu
1095 3906 1167 3992 ell,
1191 3914 1253 4002 qui

232 4008 288 4088 τὰ
314 4006 447 4083 sistra,
470 4002 657 4103 ipgapegsqur
685 3998 845 4099 dsepdw
872 4004 969 4092 irsipar
984 4002 1072 4089 ἷινιι,
1103 4004 1168 4077 hoc
1183 4006 1255 4094 est,

218 4106 389 4250 Jpesmffi
412 4104 622 4235 uigilantium
633 4102 775 4199 [omnin
821 4105 866 4184 Et
892 4102 1120 4196 Quintilianus
1145 4100 1255 4295 Ιιέωξ.
1398 4131 1401 4137 ·
