3175 4825
391 449 614 543 Anctnrr
649 449 901 527 Euenum
924 449 1128 532 xxxm.
1224 475 1275 558 99

257 573 428 667 pervenit.
469 577 620 673 Inde‘que
646 575 784 658 ocellis,
815 579 873 673 qui
902 579 1160 678 repugnabant,
1186 601 1277 671 pret·

259 675 341 744 dam
364 674 532 772 ingentem
557 675 682 771 abegit.
721 675 764 746 In
787 676 906 750 itinere
925 699 1036 750 autem
1059 676 1141 754 cbtu
1166 677 1276 752 Late·

260 769 503 844 daemoniorum
534 772 670 867 quidam
695 771 860 868 gravioris
885 794 1059 847 armature
1085 777 1209 849 milites
1234 775 1274 853 ἃ

257 887 324 938 rex
348 869 544 941 Anaxander
572 872 757 951 irruerent,
782 869 817 940 in
845 869 965 967 fugam
995 875 1208 953 eosvenit,
1236 872 1274 952 dt

261 963 498 1041 Araxandrum
523 965 580 1038 esti
597 967 798 1059 insequutus.
846 967 916 1040 Sed
944 967 1055 1064 jaculo
1082 971 1117 1040 iu
1144 992 1273 1043 coxen-

257 1061 331 1131 dice
357 1066 508 1159 graviter
534 1064 748 1148 vulneratus,
772 1066 922 1156 receptui
947 1065 1088 1138 cecinit:
1121 1089 1189 1138 nou
1216 1085 1274 1138 ta·

253 1182 330 1230 men
356 1165 508 1253 praedam
541 1158 623 1241 fibi,
658 1185 757 1255 quam
788 1161 972 1254 abegerat,
1001 1164 1196 1255 extorqueri
1224 1161 1273 1236 eil

249 1253 371 1348 pallus.
415 1258 597 1352 Pollquam
616 1257 789 1332 lvulnere
812 1259 1001 1345 convaluit,
1018 1259 1098 1333 cum
1116 1260 1216 1332 vellet
1237 1259 1273 1333 iu

248 1353 409 1446 Spartam
436 1354 641 1448 irrumpere,
662 1351 808 1428 Helena
830 1358 994 1452 prodigiis
1016 1355 1054 1432 &
1077 1353 1274 1431 Dioscuto-

247 1475 329 1525 rum
357 1453 472 1526 nodlu·
490 1452 538 1524 est
558 1452 760 1544 prohibitus.
805 1453 969 1550 Virgines
995 1456 1116 1528 deiude
1142 1477 1218 1550 quae
1236 1453 1274 1526 itt

246 1549 422 1620 honorem
454 1551 575 1622 Dianae
606 1552 640 1622 in
676 1551 797 1646 Caryis
828 1548 1016 1629 saltabant,
1047 1575 1107 1644 per
1139 1550 1271 1625 infidias

247 1645 1087 1819 ltlltdllltlltlsstlllltll“llll
1103 1648 1273 1818 lltlll

247 1840 340 1916 illam
369 1843 535 1936 quievit,
567 1840 605 1916 &
627 1839 849 1916 militibus&
873 1770 1132 1933 mabipularibbs
1159 1841 1270 1936 virgi·

248 1961 331 2012 num
365 1939 555 2013 custodiam
580 1939 801 2014 demandavit.
846 1937 904 2009 lbi
933 1935 1117 2032 petulantes
1136 1938 1270 2009 adoleb-

249 2055 365 2108 ceutes
398 2040 442 2109 ad
467 2038 637 2114 violandas
670 2038 818 2132 virgines
851 2030 1134 2128 impellebantur,
1162 2057 1272 2130 urge·

248 2130 398 2225 bantque
418 2133 648 2229 propositum,
676 2139 731 2208 vel
749 2151 909 2206 renuente
935 2131 1173 2216 Aristomene,
1195 2149 1270 2204 tan·

255 2251 360 2320 quatu
382 2231 550 2324 Spartanis
573 2234 651 2307 viris
674 2227 785 2304 solum
806 2229 969 2304 inferrent
991 2231 1158 2329 injurium.
1197 2228 1269 2304 Sed

257 2320 347 2394 adeb
368 2349 418 2398 res
439 2328 617 2423 procellit,
646 2347 683 2402 ut
702 2347 882 2424 cogeretur
908 2326 1139 2402 Aristomenes
1164 2325 1269 2425 quos-

256 2422 340 2492 dam
359 2446 472 2499 eorum
493 2427 692 2501 interficere.
720 2429 722 2432 ’
738 2428 875 2499 Deinde
894 2427 1042 2519 virgines
1067 2428 1177 2500 illesas
1193 2451 1270 2501 ma·
1374 2496 1377 2502 .

249 2540 327 2613 gna
363 2526 494 2611 pecunia
527 2527 719 2619 redemptas·
749 2524 882 2597 dimisit.
932 2523 990 2597 Est
1026 2526 1062 2594 in
1099 2526 1271 2597 Laconica

246 2615 396 2711 AEgilas
422 2620 475 2692 ubi
502 2623 671 2716 templum
697 2622 833 2717 Ceteris
858 2619 924 2692 est:
948 2617 994 2688 ibi
1018 2618 1142 2689 festum
1174 2619 1268 2692 cele-

244 2711 344 2785 brari
374 2713 394 2789 al
421 2718 619 2794 mulieribus
654 2714 734 2793 cbm
768 2716 864 2789 sciret
897 2713 1153 2797 Aristomenes,
1186 2713 1269 2803 illuc

247 2837 331 2883 cum
366 2814 528 2889 militibus
553 2818 661 2892 irruit.
709 2814 777 2889 Sed
804 2808 883 2886 edm
914 2811 1071 2887 mulieres
1098 2834 1168 2883 non
1198 2810 1268 2885 fine

245 2913 397 2984 numinis
412 2915 536 2985 auxilio
552 2914 594 2983 ad
616 2912 845 2987 defensionem
861 2908 1152 3002 proveherentur,
1175 2910 1270 2983 mul-

246 3023 302 3078 tos
328 3006 576 3083 Melleniorum
603 3011 640 3087 tle
666 3010 815 3108 gladiis,
841 3006 962 3104 quibus
993 3006 1145 3084 viilimas
1176 3006 1272 3080 teca,

247 3102 352 3188 bant,
379 3107 623 3193 vulnerant,&
637 3109 811 3184 verubus,
829 3103 951 3203 quibus
972 3106 1134 3185 ellabant,
1158 3099 1269 3175 tranl‘-
1335 3145 1340 3165 i

246 3198 373 3297 figunt.
413 3204 659 3278 Aristomenem
687 3226 802 3279 autem
821 3200 950 3276 facibus
970 3199 1181 3293 perculsum,
1211 3200 1266 3269 vi·

246 3319 333 3371 vum
362 3302 507 3391 capiunt.
544 3302 591 3373 Ut
615 3321 727 3377 autem
747 3302 888 3376 vinculis
905 3299 1118 3380 elaberetur,
1142 3292 1269 3367 Archi·

245 3398 362 3469 darnia
385 3396 451 3471 fuit
469 3400 505 3469 in
525 3399 639 3487 causa,
663 3400 797 3474 Cereris
816 3395 981 3480 sacrifica,
1006 3419 1082 3490 quae
1108 3416 1189 3465 eum
1216 3391 1269 3463 di·

242 3494 337 3567 milit
360 3494 415 3565 illa
440 3497 563 3580 nodie,
583 3522 650 3569 non
671 3495 902 3591 largitionibus
918 3509 1094 3586 corrupta,
1114 3490 1172 3561 sed
1194 3488 1270 3586 ejus

242 3616 368 3664 amore
393 3611 555 3687 correpta.
595 3592 775 3669 Excusevit
801 3614 914 3669 autem
941 3589 1085 3687 fugam,
1109 3606 1270 3683 tanquam

241 3687 390 3782 perustis
415 3690 644 3767 Aristomenes
672 3691 813 3767 vinculis
843 3686 993 3764 evaserit.
1034 3688 1160 3760 Tertio
1186 3682 1269 3756 belli

241 3784 447 3860 annocum
474 3789 627 3880 prelium
651 3787 730 3862 ellet
762 3789 1044 3863 committendum
1072 3786 1122 3871 ud⁸
1148 3779 1270 3892 foliam

239 3906 445 3983 magnam,
478 3884 517 3961 δι
552 3888 698 3960 Arcades
729 3910 774 3961 ex
809 3882 968 3959 omnibus
999 3884 1097 3958 limul
1134 3878 1270 3971 oppidis

238 3981 458 4055 Aristomeni
480 3980 632 4058 misrllent
656 3986 799 4067 auxilia,
829 3982 1068 4057 Aristocratem
1095 3978 1273 4053 Arcadum

235 4103 370 4181 ‘egem
392 4120 406 4165 e
428 4078 467 4155 cr
489 4080 547 4157 illo
572 4080 662 4175 bello
688 4084 812 4159 ducem
845 4085 989 4173 pecunia
1014 4067 1270 4157 Lacedaemonii

358 4222 364 4231 ·
772 4179 810 4259 G
835 4201 861 4260 2
1148 4183 1269 4242 curcua
