3175 4825
345 369 353 399 ··
468 353 1092 462 Auertr1EmauaraV.
1236 365 1286 462 ἰς

177 524 179 538 =
314 481 496 556 ‘Eatrurre
518 481 553 553 ln'
573 502 697 555 montes
720 485 765 555 od
776 481 901 580 sydera
911 481 1037 570 summo
1054 477 1237 579 parabunt,
1318 487 1322 497 '

385 583 433 648 Et
460 602 602 672 magnum
624 579 712 650 bello
728 578 905 666 sollicitare
926 579 1049 653 Iovem.

332 676 483 750 Fulmina
506 676 545 747 de
567 675 638 776 celi
655 677 821 770 jaculatus
845 677 994 773 luppiter
1016 697 1111 762 arce,

386 770 493 844 Vertit
515 775 550 842 in
573 774 726 844 authores
745 775 894 867 pondera
915 767 1003 866 vtrJlo
1021 771 1108 860 [uos.

288 868 332 942 Et
355 868 554 942 Claudianus
579 874 615 940 in
642 867 950 963 Gigantomachia,

330 965 430 1038 Terra
453 985 576 1063 pareus
598 970 758 1062 quondam
783 964 955 1061 caeleflidus
976 963 1089 1038 invido
1111 965 1241 1066 regnis,
1276 1041 1281 1050 ,

329 1062 542 1157 dirutumque
561 1061 657 1153 fimul
679 1064 805 1137 crebros
831 1061 977 1150 miserato
1000 1061 1151 1146 dolores,

324 1161 447 1232 Omnia
473 1157 677 1254 monſtrifero
701 1160 875 1257 complebat
899 1159 1041 1234 Tartaro
1061 1180 1147 1232 coetu.

322 1255 469 1342 Invisum
486 1259 644 1353 genituro
665 1255 782 1350 nefas,
804 1257 1037 1354 Phlegramque
1062 1257 1183 1330 retexit

326 1353 439 1423 Tanto
461 1356 553 1448 prole
577 1377 721 1437 sumens,
736 1351 778 1428 (θ’
794 1353 830 1425 in
853 1356 974 1426 aetlrrra
993 1353 1135 1450 protulit
1155 1347 1263 1448 infler.
1406 1343 1409 1354 ’

323 1449 379 1520 Fir
391 1449 560 1536 sonitum,
587 1470 755 1544 erumpunt
782 1449 903 1530 crebri,
933 1449 1002 1526 &a

277 1543 371 1618 Vide
392 1549 483 1639 apud
507 1547 683 1620 Erasmum
703 1547 897 1640 Adagium2
921 1548 1095 1643 Gigantum
1115 1557 1277 1643 urrognrt·¹

276 1642 330 1713 riu
363 1641 402 1717 ὅ(
431 1645 515 1713 item
543 1644 727 1736 adagium,
750 1643 864 1715 Terrae
880 1641 984 1732 filius.
1011 1642 1048 1718 bt
1073 1643 1275 1722 Politianutu

278 1742 412 1833 cap.18·
428 1740 559 1826 Miseri.
596 1737 790 1812 scholiastes
806 1739 956 1812 Homeri
972 1739 1054 1810 hanc
1075 1739 1222 1814 fabulam
1240 1741 1276 1812 in

278 1831 356 1907 bano
380 1835 578 1908 sententiam
602 1852 716 1917 narrat.
752 1833 844 1910 cum
866 1837 997 1927 Jupiter
1012 1853 1138 1926 patrem
1161 1835 1276 1910 Satur·

276 1953 355 2004 aum
382 1958 494 2028 regno
533 1930 773 2026 perturbasset,
812 1937 1035 2025 Deciumque
1064 1929 1122 2001 fibi
1147 1931 1275 2021 princi·

275 2049 385 2117 patum
416 2030 598 2112 ascivisset,
624 2030 790 2126 Gigantes
817 2049 912 2102 tettae
939 2028 998 2101 filii
1030 2023 1276 2116 succensentes,

275 2125 425 2213 Tartesi,
448 2127 552 2222 (qua
575 2127 689 2199 civitas
712 2125 761 2198 eii
780 2126 869 2222 juxta
885 2121 1087 2214 Oceanum)
1110 2148 1281 2222 magnum,

278 2219 398 2295 bellum
416 2221 571 2298 adversus
590 2224 714 2304 Jovem
732 2223 943 2296 adornarunt.
980 2223 1113 2314 Jupiter
1129 2220 1212 2298 verb
1234 2223 1275 2294 il·

283 2316 324 2386 lis
344 2319 471 2392 obviam
490 2319 616 2400 fabius,
638 2322 672 2390 in
689 2320 869 2395 Herebum
887 2318 1028 2415 dejecit,
1052 2341 1089 2391 ac
1113 2319 1197 2413 patri
1213 2322 1273 2393 Sa·

283 2429 382 2486 turno
398 2418 432 2487 in
447 2418 539 2510 ipsos
564 2418 743 2510 imperium
764 2419 907 2495 tradidit.
950 2419 994 2487 Et
1017 2415 1191 2509 optioni,
1214 2417 1273 2511 qui

278 2514 410 2584 caretis
431 2509 573 2606 superbia
596 2516 744 2606 praestare
757 2516 959 2589 videbatur,
978 2510 1151 2603 superato,
1174 2536 1272 2583 mon·

274 2622 349 2679 tem
370 2608 415 2681 ab
438 2609 500 2703 ejus
519 2613 658 2689 nomine
671 2609 884 2703 Ophionium
902 2606 1169 2699 superimposuit.
1207 2608 1279 2696 Be«,

272 2704 364 2781 rosus
386 2707 607 2803 Babylonicus
631 2709 673 2778 de
695 2706 961 2799 antiquitatibus,
982 2700 1081 2775 Circa
1104 2701 1273 2777 Libanum

274 2804 431 2900 (iuquit)
459 2802 555 2876 fuisse
580 2804 675 2876 Enos
698 2800 819 2874 urbem
847 2800 1026 2873 maximam
1054 2800 1273 2897 Gigantum,

277 2902 327 2990 qui
348 2898 510 2975 universo
531 2898 606 2973 orbi
632 2899 888 2973 dominabantur
912 2894 953 2968 ab
980 2896 1099 2971 occasu
1121 2898 1206 2971 Solis
1229 2900 1272 2972 ad

279 3016 388 3071 ortum.
431 2996 485 3071 Hi
509 2996 653 3071 vastitate
676 2998 824 3091 corporis
850 3021 888 3071 ac
909 2992 1033 3068 robore
1058 2993 1194 3073 confifi,
1221 2998 1273 3066 in-

275 3098 371 3169 ventis
397 3095 501 3179 armis
526 3118 642 3167 omnes
664 3094 921 3188 opprimebant:
950 3090 1146 3184 libidinique
1169 3090 1272 3165 inser·
1382 3186 1385 3193 ,

172 3240 173 3247 κ
271 3192 395 3266 vientes
409 3192 611 3264 invenerunt
631 3192 835 3285 papiliones,
851 3190 888 3265 &
902 3186 1114 3259 instrumenta
1128 3186 1274 3269 mustea,

268 3284 445 3373 &omnes
473 3266 613 3359 delicias·
650 3288 899 3364 Manducabunt
922 3281 1099 3363 homines,
1124 3278 1161 3352 ἃ
1185 3304 1272 3375 pto·
1386 3368 1389 3380 Ι

266 3385 423 3461 curabant
445 3380 604 3467 aborsus,
636 3386 674 3470 io·
700 3382 915 3477 eduliumque
940 3374 1197 3471 preparabant,
1234 3379 1270 3461 ὅ(

265 3478 569 3557 commiscebantur
594 3477 775 3559 matribus,
799 3480 951 3560 filiabus,
973 3470 1159 3588 sororibus,
1180 3478 1271 3551 mas-

265 3580 367 3665 culis,
387 3578 427 3654 &
442 3577 576 3655 brutis,
592 3577 629 3652 ὅ(
652 3576 731 3648 nihil
756 3594 824 3651 erat
844 3574 972 3648 sceleris
980 3602 996 3651 s
1009 3573 1101 3663 quod
1118 3598 1186 3647 non
1211 3578 1270 3649 ad·

262 3678 466 3757 mitterent,
500 3682 751 3769 contemptores
786 3673 990 3771 religionum
1029 3666 1066 3743 &
1101 3672 1269 3747 Deorum.

262 3770 445 3845 Homerus
461 3795 596 3866 quoque
610 3773 645 3844 in
661 3766 1030 3851 Butocbomiomocbio,
1044 3765 1165 3847 Terra
1181 3766 1271 3845 filios

194 3869 195 3883 ¹
262 3889 366 3945 vocat
389 3870 581 3965 Gigantes,
1119 3868 1133 3899 *·

315 3973 443 4051 reperiar
468 3963 573 4059 airdpeir
595 3966 750 4066 pruritum
771 3964 842 4068 {ppo
859 3962 1021 4069 ‘prpoirrgr2
1045 4067 1049 4071 ι
1075 3942 1081 3955 ’

1156 4056 1275 4139 Tetri-j
1417 4068 1418 4085 ³

1416 4118 1418 4213 i
