3175 4825
394 354 645 432 Arcti-nr
679 357 935 434 Euentu.
974 355 1059 434 cn.
1164 371 1240 450 207

259 478 408 562 lollianum
432 486 657 584 consumpta,
678 487 859 584 reliquias,
890 515 965 584 quae
987 513 1060 584 pars
1084 487 1151 564 fuit
1175 513 1241 562 eo·

256 607 326 670 nnn,
339 587 462 658 eodem
478 587 548 682 igni
567 587 780 662 comburunt.
822 589 889 660 Sed
906 607 943 659 ut
967 591 1007 659 ad
1030 585 1241 682 propositum

255 703 467 763 revertamur,
498 685 630 775 Jupiter
663 681 740 756 clim
773 685 898 756 saelum
930 677 1097 768 rescisset,
1127 684 1242 758 animo

253 799 411 872 permoto,
425 780 622 853 mortalibus
642 780 764 878 eripuit
780 783 908 876 ignem.
948 781 1166 855 Prometheus
1182 807 1243 855 au·

253 893 303 948 teni
326 875 500 951 consuetus
527 876 689 962 insidiari,
719 873 773 952 sna
800 902 900 972 opera
926 899 1080 971 ereptum
1109 901 1242 951 morra·

253 975 318 1047 libus
342 975 456 1072 ignem
479 973 649 1049 restituere
672 974 850 1071 cogitabat.
892 975 1014 1070 ltaque
1042 977 1168 1047 ceteris
1190 985 1244 1048 re‘·

255 1072 335 1144 notis
361 1072 453 1146 venit
486 1075 528 1144 ad
559 1073 656 1155 Jovis
685 1073 835 1168 ignem:
860 1097 929 1169 quo
955 1070 1122 1144 diminuto
1145 1071 1182 1146 ἀ
1209 1073 1244 1146 in

257 1167 374 1241 ferulam
400 1168 556 1263 conjeeto
576 1171 691 1252 iaetus,
717 1170 914 1253 attolane,
939 1194 1009 1241 non
1034 1193 1170 1244 currere
1194 1171 1246 1240 vi·

256 1267 389 1350 deretur,
408 1267 548 1339 ferulam
569 1266 712 1361 radians,
737 1289 779 1338 ne
800 1265 928 1359 spiritus
950 1266 1166 1347 interclusus,
1187 1289 1246 1338 va·

255 1362 323 1458 poris
347 1365 558 1458 extingueret
582 1364 616 1434 in
641 1363 789 1459 angustia
818 1363 941 1436 lumen.
980 1366 1101 1459 Itaque
1124 1363 1244 1436 homi·

253 1475 296 1532 nes
318 1459 428 1533 adhuc
446 1460 633 1554 plerunque
656 1462 712 1555 qui
736 1461 858 1534 laetitiae
882 1463 1115 1557 mantilium,
1141 1461 1246 1534 celer·

251 1554 317 1652 rimi
338 1561 489 1631 veniunt.
530 1561 693 1630 Praeterea
716 1556 750 1628 in
780 1558 962 1630 certatione
984 1559 1142 1633 ludorum
1170 1581 1246 1633 cur·
1367 1600 1371 1612 ·

249 1650 384 1740 foribus,
410 1653 617 1728 instituerunt
644 1679 688 1727 ex
713 1654 908 1726 Promethei
930 1655 1190 1738 consuetudine,
1207 1673 1246 1729 ut

249 1767 407 1823 currerent
430 1752 616 1845 lampadem
630 1751 797 1846 jaetanres.
838 1753 905 1824 Pro
922 1775 990 1845 quo
1010 1753 1142 1846 Jupiter
1158 1753 1247 1826 faeta
1282 1753 1287 1763 '

246 1848 431 1923 mortalibus
452 1874 565 1942 parem
586 1851 727 1944 gratiam
751 1849 921 1931 referens,
944 1849 1121 1922 mulierem
1148 1850 1249 1922 tradi·

243 1946 284 2016 dit
306 1946 378 2030 his,
404 1971 503 2041 quam
528 1943 546 2018 'a
570 1947 725 2021 Vulcano
749 1947 871 2020 faslam
895 1946 1054 2021 Deorum
1074 1945 1247 2018 voluntate

242 2045 329 2114 omni
352 2068 492 2116 munere
512 2045 660 2118 donavit.
703 2045 823 2139 Itaque
841 2046 991 2120 Pandora
1011 2045 1058 2118 esi
1077 2045 1250 2136 appellatas

237 2141 480 2214 Prometheum
495 2161 608 2216 autern
623 2143 657 2213 in
676 2163 794 2214 monte
814 2142 982 2238 Scythia,
998 2141 1136 2215 nomine
1156 2142 1249 2217 Cau·

234 2237 330 2325 raso,
354 2238 467 2310 forrea
488 2238 625 2311 cathena
647 2240 774 2312 vinxit:
801 2264 904 2334 quem
929 2240 1100 2338 alligatum
1127 2243 1169 2314 ad
1192 2241 1259 2314 tri?

228 2340 326 2435 ginta
361 2336 465 2406 millia
488 2339 654 2410 annorum
680 2335 846 2431 AEschilus
874 2339 1140 2433 Tragoediarum
1170 2337 1251 2413 scria

224 2456 312 2530 pror
339 2435 398 2509 ait.
441 2437 603 2507 Praeterea
625 2433 751 2507 admisit
776 2436 809 2506 ei
833 2434 1001 2527 aquilam,
1027 2462 1103 2530 quae
1128 2431 1252 2510 affidu'e

178 2545 182 2560 '
223 2536 338 2607 nodio
367 2531 565 2605 renascentia
588 2532 733 2623 jecinora
755 2530 889 2603 errasset.
929 2531 1022 2605 Vide
1053 2534 1190 2604 Lucian.
1216 2533 1252 2603 in

223 2632 407 2709 Promrrh.
431 2628 497 2704 stve
515 2628 678 2719 'Caucaso
723 2628 767 2697 Et
792 2629 827 2696 in
860 2629 1007 2699 Deorum
1030 2629 1163 2726 dialogo
1192 2626 1252 2699 sub

221 2726 390 2823 personis
410 2727 505 2808 Jovis
522 2725 559 2799 δ(
577 2722 783 2795 Promethei.
821 2724 865 2793 Et
892 2722 925 2791 in
951 2722 1112 2816 opusculo
1138 2724 1178 2797 de
1192 2724 1254 2813 sn-

221 2818 1255 3013 {nnnntantinumdnm

273 2950 298 2995 e
609 2972 617 2991 .
661 2973 669 2989 .
1016 2946 1029 2991 .·

222 3018 395 3091 merheus
409 3014 630 3089 Rhetoricem
653 3014 915 3089 communicavit
937 3017 1143 3091 mortalibus.
1174 3018 1256 3107 Qua

173 3121 177 3200 l
225 3119 273 3187 de
305 3140 348 3187 re
374 3116 452 3187 vide
477 3115 570 3206 plura
593 3117 683 3206 apud
707 3113 885 3187 Erasmum
908 3115 943 3184 in
968 3113 1135 3207 Magio,
1168 3138 1256 3188 conr·

174 3203 176 3244 ⁵
224 3214 349 3285 munis
369 3212 584 3285 Mercurius..
615 3212 809 3283 Plutarchus
832 3211 866 3283 in
892 3207 1005 3282 libello
1032 3214 1073 3283 de
1092 3209 1257 3302 fortunata

175 3369 178 3386 .
227 3310 471 3382 Prometheus
496 3308 665 3403 (inquit)
692 3306 809 3380 suctim
841 3302 970 3387 ‘ecaelo
996 3305 1093 3379 nobis
1117 3301 1258 3404 afferens

175 3403 177 3430 ³
227 3406 382 3501 ignem,
407 3403 529 3493 idest,
552 3406 739 3477 rationem:
761 3404 874 3477 omnia
899 3403 956 3478 isla
981 3402 1176 3495 suppeditat.
1213 3406 1257 3479 Et

229 3502 346 3594 pauli>
369 3500 528 3581 inferiis,
554 3502 689 3576 Fabella
707 3501 749 3571 de
767 3501 962 3575 Promethei
979 3500 1059 3596 igne
1076 3502 1141 3576 alio
1159 3520 1261 3599 atque'

230 3600 306 3673 alio
334 3602 464 3675 viritim
491 3598 649 3673 omnibus
675 3594 804 3680 diviso,
835 3598 898 3673 sub
927 3597 1101 3673 involucro
1132 3601 1258 3676 indicat

230 3717 359 3788 partes
389 3697 598 3791 prudentia,
628 3699 663 3768 in
687 3694 808 3769 orbem
837 3696 1006 3791 particulis
1033 3700 1165 3797 exiguis
1193 3698 1259 3772 effe

231 3794 435 3888 dispersas,
460 3794 580 3868 deinde
605 3792 636 3865 se
667 3794 823 3888 recepisse
850 3798 886 3863 in
914 3795 1078 3869 ordinem.
1117 3798 1260 3871 <Servius
1341 3860 1347 3888 ,

230 3893 436 3967 Grammat.
470 3894 504 3965 in
529 3894 639 3967 Sileno
663 3892 763 3989 Virg.
800 3892 898 3966 aliam
935 3892 1130 3989 allegoriam
1159 3893 1262 3978 huius

232 3985 374 4069 fabule
398 3989 512 4075 affert,
533 3988 571 4071 iit
596 4012 670 4087 quar
695 3990 804 4087 magis
830 3987 962 4066 fortasse
984 3994 1124 4087 quadret
1144 3988 1258 4161 nqlqro

1228 4108 1259 4157 tc
