3175 4825
343 425 400 516 58
550 394 850 502 commeatu.
887 447 943 503 rrr
980 429 1148 512 Aunes

341 561 419 617 tres.
445 543 571 618 Multas
588 553 774 643 peragravit
787 550 942 646 regiones
954 553 1099 626 discendi
1117 551 1219 628 causa.
1241 536 1328 628 Tm}

342 641 421 711 dem
455 641 644 716 Crotonem
671 650 760 718 venit
792 649 898 722 Italiae
928 650 1105 741 oppidum.
1146 657 1256 744 Atque
1280 651 1325 722 illa

342 737 446 810 lolia
468 763 561 830 paro,
587 742 646 814 ubi
677 744 882 841 Pythagoras
907 747 1003 847 suum
1035 751 1166 821 tradidit
1194 753 1331 843 dogma,

339 857 463 928 magna
489 839 622 914 Graecia
654 837 718 910 fuit
739 845 908 933 appellata.
954 845 1085 918 Primus
1111 847 1258 918 omnium
1282 871 1330 930 pa

341 932 537 1022 upa-ligero
560 937 708 1017 invenit,
732 940 767 1010 id
797 939 863 1023 est,
892 942 1070 1014 animarum
1098 947 1139 1016 de
1160 943 1341 1038 corporibus-

341 1031 378 1103 iu
398 1054 534 1128 corpora
554 1030 746 1127 transitum:
772 1034 917 1126 ideoque
944 1042 1046 1110 vetuit
1070 1041 1222 1113 carnibus
1243 1037 1333 1108 nelei.

339 1127 400 1200 De
426 1154 495 1222 quo
516 1133 593 1202 vide
617 1133 719 1223 multa
739 1137 828 1223 apud
850 1136 1015 1206 Ouidium
1035 1136 1118 1208 libro
1136 1140 1206 1210 ulti.
1232 1137 1335 1207 Mera·

340 1227 482 1321 morplo.
507 1228 542 1299 irr
570 1229 707 1326 princip.
752 1232 795 1302 Er
818 1230 894 1303 vide
926 1232 1124 1304 Politianum
1148 1237 1182 1306 r'rr
1216 1233 1334 1322 Lamia.

340 1319 539 1417 Diogenem
561 1326 752 1410 Latinium,
775 1327 904 1399 Aulum
923 1329 1073 1404 Gellium
1100 1329 1153 1400 lib.
1168 1353 1198 1405 1.
1229 1348 1337 1424 cup-9.
1411 1389 1413 1407 .

340 1417 379 1491 ἃ
402 1419 456 1490 lib.
473 1443 529 1516 17.
556 1423 881 1520 cup.²1.y&lib.4.
906 1445 977 1520 rap.
993 1447 1025 1499 1.
1058 1425 1094 1501 ἀ
1119 1427 1253 1500 Titium
1276 1425 1337 1498 Li·

339 1512 454 1595 vium,
480 1518 535 1590 tu.
549 1542 580 1594 1.
606 1519 648 1591 al
672 1521 748 1593 urbe
770 1522 862 1594 cond.
1114 1533 1116 1540 ’

391 1613 614 1710 Clauftrsuum
627 1620 776 1714 dogma.)
802 1621 907 1690 Suum
921 1619 1067 1715 dogma,
1079 1618 1145 1692 lroc
1161 1619 1227 1698 est,
1240 1636 1340 1692 totam
1413 1612 1414 1621 '

341 1703 433 1783 suam
444 1712 686 1806 Philosophiam
701 1715 794 1786 brevi
812 1717 956 1788 carmine
973 1717 1231 1810 circumscriplit.
1248 1720 1342 1815 Dog·
1409 1779 1412 1792 .

315 1839 319 1844 ·
340 1831 395 1880 ma
411 1807 601 1882 verodiuio
615 1810 660 1883 ell
670 1810 811 1886 Graeca,
825 1810 1016 1882 sententiam
1027 1859 1038 1897 ‚
1050 1816 1198 1885 edielum
1210 1859 1222 1896 ,
1233 1818 1343 1886 decre-
1409 1815 1413 1888 1

340 1908 629 1998 tum,placitum,
643 1908 762 1981 dicitur
782 1908 885 1982 >nrm
902 1913 1012 1991 lauri,
1030 1914 1121 2004 quod
1142 1910 1188 1982 ell
1207 1911 1345 2003 opinari.
1409 1977 1414 1994 ,,

339 1999 398 2074 De
419 2004 577 2100 dogmate
600 2007 677 2078 vide
699 2006 792 2096 plura
817 2009 850 2076 in
873 2004 1003 2104 epistola
1015 2011 1074 2102 96.
1100 2008 1246 2079 Senecae.
1410 2013 1416 2092 i

392 2097 494 2189 Quod
524 2100 666 2195 didiriffr
696 2107 855 2199 gruum.)
889 2106 1014 2177 Plinius
1046 2106 1222 2176 Naturalis
1251 2101 1346 2199 histo.
1413 2115 1415 2124 ‘

268 2190 271 2198 ’
333 2196 456 2269 libro.
479 2217 616 2294 rup.23.
646 2199 717 2270 lraec
743 2204 785 2272 de
809 2199 950 2297 gruibus
974 2199 1093 2281 tradil,
1114 2201 1257 2272 Certum
1278 2199 1349 2286 est,
1413 2279 1416 2293 ,

340 2295 488 2365 Pontum
513 2296 789 2378 transvolaturas,
819 2294 965 2389 primum
999 2299 1149 2370 omnium
1181 2297 1349 2392 angullias
1410 2305 1416 2392 J

339 2406 456 2483 petere
480 2392 565 2463 inter
588 2395 656 2467 duo
678 2397 906 2491 promontoria
932 2395 1181 2488 Criunnetopon
1200 2395 1237 2470 ὃ(
1254 2394 1350 2469 Cha·
1411 2409 1413 2417 '

340 2488 487 2563 rambin:
516 2512 598 2563 mox
621 2485 750 2565 'saburra
774 2491 919 2564 stabiliri.
964 2490 1053 2565 Cum
1077 2497 1226 2563 medium
1252 2512 1351 2565 tran·

340 2585 470 2670 fierint,
494 2585 739 2682 abjici'lapillos
757 2586 777 2661 ir
797 2590 955 2681 pedibus:
977 2590 1055 2662 rum
1077 2590 1243 2685 attigerint
1266 2613 1352 2685 eon·
1383 2606 1388 2617 ·

340 2685 524 2766 tinentem,
549 2685 568 2760 l
594 2708 729 2782 gutture
753 2686 920 2759 harenam.
959 2688 1056 2760 Idem
1084 2687 1127 2757 air
1153 2686 1289 2757 Solinus
1317 2688 1357 2763 ὃ(

339 2782 467 2857 Cicero
486 2806 518 2862 z·
543 2787 583 2856 de
606 2785 742 2857 Natura
767 2786 923 2857 Deorum.
964 2783 1111 2854 Alciatus
1136 2782 1258 2860 l·il.1.v
1283 2782 1356 2855 Pu·
1416 2842 1417 2847 ,

294 2867 1002 3070 -nalatrutannia‘a
1015 2877 1193 3065 Plan
1206 2872 1359 3049 litt

1016 3018 1026 3055 ἱ
1411 3054 1414 3063 .

338 3066 541 3145 descendunt
568 3068 759 3163 surripiendi
792 3070 932 3168 alicujus
957 3069 1072 3162 lapidis
1095 3068 1218 3153 caula,
1246 3094 1361 3164 quem
1413 3068 1414 3073 ’

339 3170 429 3264 pede
453 3167 612 3251 retinent,
638 3171 675 3240 ui
698 3168 731 3238 in
760 3170 827 3239 alro
859 3171 1028 3249 volantes,
1053 3188 1095 3237 eo
1121 3163 1260 3239 demillo
1290 3192 1361 3242 ex·
1409 3176 1414 3201 ¹

366 3267 512 3340 erimtur
528 3271 577 3337 'ex
602 3264 747 3338 cadentis
770 3263 907 3359 strepitu
935 3262 1030 3357 supra
1055 3288 1166 3346 mare,
1196 3285 1235 3337 an
1267 3264 1360 3337 vero
1413 3264 1417 3338 J

339 3291 436 3457 ἧρπε
457 3382 579 3436 terram
604 3365 766 3441 volitent,
789 3378 828 3435 ut
851 3361 968 3437 surdas
986 3360 1023 3440 &
1039 3360 1272 3454 Aristophanis
1304 3366 1365 3435 in·
1413 3378 1416 3391 ·

196 3543 199 3551 Ι
338 3476 465 3551 terprea
487 3462 522 3531 in
549 3459 679 3552 Apibus
703 3460 863 3547 ostendit,
884 3461 952 3535 &o
994 3458 1210 3530 Contrarium
1234 3476 1364 3531 tamen
1407 3450 1417 3534 ,⁶

338 3571 430 3627 tenet
444 3556 656 3640 Aristoteles,
680 3556 775 3650 cujus
794 3558 865 3630 hec
889 3558 962 3632 lunt
981 3556 1107 3631 uerba,
1131 3556 1165 3624 in
1187 3547 1279 3625 libro
1322 3560 1368 3631 de
1413 3570 1415 3578 ’

339 3655 475 3729 Natura
498 3656 684 3728 animalium
700 3656 733 3729 8.
759 3668 896 3752 capla..
941 3655 1005 3723 Sed
1028 3650 1140 3722 avium
1165 3668 1273 3743 grues
1295 3657 1367 3745 (ur
1416 3656 1417 3665 ’

340 3751 469 3824 diuum
494 3749 562 3839 ell)
596 3776 639 3823 ex
664 3751 789 3825 ultiniis
823 3752 856 3821 in
889 3751 1004 3821 ultima
1039 3746 1171 3818 abeunt.
1216 3746 1369 3823 Volant

339 3844 420 3921 {latu
441 3844 594 3919 secundo.
637 3850 746 3940 Quod
767 3851 808 3920 de
835 3848 943 3937 lapide
964 3862 1120 3927 narrant,
1145 3840 1268 3917 falsum
1303 3848 1372 3919 est.

231 4031 234 4037 4
337 3945 504 4041 Lapidem
529 3946 620 4017 enirn
644 3964 758 4016 tenere
784 3968 839 4017 eas
861 3942 1049 4023 fulmenm,
1079 3964 1180 4033 quem
1203 3942 1270 4013 ubi
1301 3946 1374 4015 de..

337 4043 479 4128 uiderit,
498 4044 605 4147 arcipi
627 4041 748 4121 utilem
771 4044 813 4122 ad
838 4043 908 4121 auri
936 4038 1171 4135 probationem
1193 4040 1345 4213 aipng
