3175 4825
173 375 177 390 ·
281 355 405 453 ft54
511 311 1134 436 ,Commnsmrsllsnns

278 575 281 593 ,
325 489 501 582 aliquando
523 489 625 570 illuc,
647 505 685 562 ut
704 487 855 570 videret,
880 486 1043 562 accessisse
1073 489 1154 560 dicit
1178 488 1231 564 his
1253 500 1334 564 ver-

324 585 398 671 bis,
422 588 478 659 Ad
502 585 619 660 theatri
638 587 801 658 verticem
822 608 865 659 ex
888 587 1008 658 mediis
1026 584 1110 660 saxis
1126 586 1278 678 spelunca
1295 590 1332 661 iu

324 705 436 755 arcem
459 682 583 761 subiit,
608 681 766 776 imposito
794 685 956 776 tripode,
980 684 1015 753 in
1045 707 1115 778 quo
1142 685 1268 778 Apollo
1297 686 1334 762 de

324 779 437 854 Diana
457 779 528 855 sunt
550 778 680 854 Niobes
695 779 781 852 filios
797 784 961 853 necantes.
996 780 1151 852 Niobem
1164 806 1233 876 ego
1250 809 1332 877 quo·

281 959 283 964 ,
326 901 393 970 que
420 898 457 950 ut
489 880 638 952 viderem
664 877 823 972 *Sypilum
852 894 1005 971 montem
1041 874 1226 951 conscendi.
1267 882 1334 970 sed
1411 964 1412 981 χ

326 972 386 1046 ubi
412 999 518 1068 prope
545 973 731 1054 accesseris,
762 974 875 1048 videas
901 973 1017 1046 saxum
1042 975 1079 1050 de
1104 1000 1225 1068 rupem
1249 1001 1336 1068 prae·

325 1071 486 1166 cipirem,
514 1072 640 1144 nullam
662 1068 792 1162 prorsus
815 1068 967 1166 effigiem
991 1073 1250 1163 preferentem,
1274 1097 1336 1145 nec

328 1193 529 1245 moerorem.
573 1170 681 1262 Quod
703 1165 727 1238 li
750 1172 867 1260 procul
891 1167 1063 1254 abscedas,
1080 1170 1199 1242 intueri
1227 1169 1339 1244 videa·
1413 1202 1414 1297 p

328 1271 374 1342 ris
399 1263 538 1338 flentem
566 1264 604 1340 ὅ(
635 1263 758 1337 moesto
790 1263 885 1337 vultu
917 1266 1104 1338 mulierem.
1152 1267 1235 1345 Hoc
1261 1291 1338 1339 car-
1413 1304 1414 1337 ;

327 1362 474 1438 minibus
499 1364 567 1458 jam
597 1363 704 1435 citetis
730 1361 837 1435 innuit
867 1364 1025 1436 Ovidius.
1074 1365 1274 1458 Paleplratus
1300 1366 1335 1435 in
1414 1400 1415 1467 p

327 1461 470 1541 libello,
496 1459 535 1532 dr
565 1483 630 1533 non
653 1461 823 1533 credendis
847 1460 974 1552 fabulis
1001 1457 1044 1532 lic
1074 1467 1149 1540 ait,
1184 1463 1338 1534 Niobem
1414 1510 1415 1515 =

327 1563 410 1634 dum
437 1557 597 1641 viveret,
635 1553 732 1648 super
760 1555 911 1630 liliorum
948 1554 1158 1647 sepulchrum
1195 1559 1340 1650 lapidem
1415 1598 1416 1653 p

326 1657 451 1730 sadlam
483 1651 547 1726 else
581 1672 778 1726 memorant.
830 1653 1059 1748 Quicunque·
1068 1677 1182 1730 autem
1214 1680 1259 1728 cx
1285 1656 1340 1727 la·

327 1756 407 1850 pide
432 1753 624 1835 hominem,
646 1749 844 1843 rursumque
868 1774 912 1821 ex
937 1751 1075 1824 homine
1094 1753 1240 1845 lapidem
1265 1751 1340 1826 fieri
1416 1804 1417 1813 η

256 1848 258 1854 ’
326 1847 419 1946 posse
446 1853 570 1931 credit,
593 1849 708 1922 stultus
731 1847 785 1918 hic
813 1848 949 1939 quidem
975 1849 1071 1942 plane
1102 1849 1159 1921 esi.
1207 1848 1344 1926 Verum
1416 1894 1417 1899 ,

327 1972 441 2024 autern
466 1946 508 2020 lic
532 1947 652 2026 habet,
680 1944 819 2024 Niobe,
846 1947 989 2018 mortuis
1013 1946 1078 2020 suis
1102 1947 1236 2027 liberis,
1261 1945 1343 2019 clun

329 2047 491 2138 lapideam
515 2045 698 2138 imaginem
723 2039 782 2110 libi
804 2039 1034 2127 constituisset,
1064 2068 1139 2115 eam
1170 2041 1262 2134 supra
1283 2069 1344 2115 na·

266 2134 269 2142 ¹
328 2162 443 2216 torum
482 2139 618 2212 suorum
657 2136 873 2225 sepulchrum
920 2137 1041 2228 posuit.
1097 2138 1238 2233 Nilique
1278 2141 1345 2232 ipfi

329 2241 414 2312 hanc
438 2239 554 2331 utique
583 2237 687 2326 qualis
712 2256 828 2304 revera
855 2229 956 2319 esset,
987 2234 1205 2329 inspeximus·
1252 2238 1346 2311 Hac

329 2335 538 2424 Palephatus.
586 2333 664 2408 Nos
704 2330 787 2404 vero
827 2329 908 2402 dum
945 2335 1187 2429 epigrammata
1220 2337 1349 2413 Graeca

330 2434 563 2529 evolverentur
588 2447 605 2513 ,¹
643 2427 686 2500 stc
732 2424 897 2502 distichon
948 2454 992 2503 ex
1035 2451 1191 2530 tempore
1233 2435 1350 2511 verri-

332 2554 433 2614 mus,
645 2583 653 2593 ·

378 2627 561 2705 Vivcbonr:
577 2620 690 2715 scrire
712 2620 779 2694 Del
804 2646 854 2694 nre
875 2646 1063 2701 marmora.-
1088 2651 1227 2702 marmor

426 2727 493 2801 Sed
515 2724 640 2810 rursum
663 2720 747 2793 vivit
773 2742 903 2811 munere
928 2725 1118 2797 Praxitelis.

380 2823 423 2893 Et
443 2822 555 2917 arguit
578 2823 643 2893 oris
669 2814 858 2906 duritiem.)
884 2814 921 2889 ἃ
946 2816 1095 2908 superbia
1120 2816 1228 2911 arguit
1253 2819 1361 2892 duri-

301 2931 303 2940 ‘
331 2921 413 2995 tiern
438 2922 512 2989 ‘oris
539 2935 639 3008 atque
669 2914 806 2991 sensus,
833 2914 938 3004 qualis
962 2914 1043 2984 inell
1069 2913 1178 2998 lapidi.
1225 2914 1357 2993 Sensus

332 3012 379 3090 est
404 3012 580 3109 genitivus.
622 3010 718 3087 Huic
742 3006 900 3083 consonat
920 3009 1077 3087 Terentii
1096 3010 1200 3093 illud,
1221 3036 1259 3088 os
1283 3017 1357 3093 dra-

333 3137 435 3197 nnn,
459 3133 520 3207 pro
547 3108 752 3201 impudente.
1191 3147 1194 3158 ·

502 3242 1187 3381 rununanrrn

364 3553 366 3557 -
473 3502 576 3583 Eu
613 3481 888 3625 nonna
959 3490 1210 3583 LXVIII.

360 3694 475 3771 ruse
493 3713 586 3766 tenus
606 3694 741 3778 mulier,
756 3688 923 3778 sucrinsia
951 3689 1146 3764 latrantibus
1173 3687 1265 3781 infra

378 3832 381 3839 ·
434 3785 653 3884 Morfirorurn
676 3790 821 3871 catulis,
850 3788 967 3883 Scylla
991 3784 1137 3877 biformis
1157 3810 1239 3866 crat.

382 3880 534 3981 Monstro
552 3905 710 3982 putantur
737 3885 916 3963 avarities,
937 3882 1099 3967 'cuderim
1123 3902 1249 3978 raptus.

429 3990 482 4067 Ar
506 3982 616 4095 Scylla
641 3980 682 4083 cll
710 3983 821 4063 nullus
850 3981 904 4063 uti
923 3978 966 4080 fit
988 3981 1025 4058 in
1050 4005 1107 4057 ore
1131 3984 1251 4153 pudors.
1299 4074 1323 4147 u

362 4120 366 4125 .
529 4096 533 4108 ¹
1253 4100 1297 4171 cy
1318 4101 1360 4161 a
