3175 4825
352 394 595 466 narrant
629 331 1090 472 anananicxxm.
1161 415 1237 497 ⁸49

226 509 360 590 Currus
385 537 497 590 autem
527 513 700 598 subverti,
725 511 763 590 δι
788 514 855 598 iili,
881 516 1036 611 deinceps
1060 518 1172 590 denuo
1199 520 1234 590 in

224 609 303 684 suos
327 636 396 684 non
418 615 500 686 citra
523 610 716 710 sanguinem
733 610 945 697 serebantur,
965 639 1003 688 ac
1023 612 1118 712 plau'e
1140 613 1235 708 iuxta

224 708 312 782 illud
333 710 503 796 Homeri,

327 805 480 902 Sudatrfi
502 829 617 882 ¹currus
638 806 749 903 paffim
769 799 902 900 jacudre
918 802 1042 900 supini.

225 903 276 974 At
301 901 387 976 verb
418 907 496 998 equi
529 903 740 999 posteaquam
769 891 869 975 semel
891 901 910 974 it
939 904 1027 975 rebia
1051 903 1105 976 vla
1128 899 1233 977 cvera

227 999 462 1083 declinassent,
480 1003 732 1095 elephantorum
750 1001 916 1092 impetum
936 1023 1005 1071 aon
1026 996 1236 1085 sustinentes,

227 1093 365 1170 sessores
389 1095 487 1171 dorso
517 1099 738 1172 excutiebant.
783 1099 913 1172 Currus
936 1095 1121 1190 strepebant
1148 1121 1235 1189 pro-

229 1192 413 1267 scindentes
432 1197 537 1280 acutis
555 1195 695 1270 falcibus
714 1194 929 1291 quoscunque
948 1219 992 1266 ex
1011 1194 1125 1267 amicis
1142 1217 1237 1266 com·

230 1285 486 1386 prehendissent.
527 1293 611 1366 Non
639 1295 735 1384 pauci
763 1289 845 1366 verd
874 1309 913 1365 ut
943 1291 978 1362 in
1004 1291 1059 1364 tali
1089 1290 1236 1364 tumultu

231 1388 333 1482 ejeui
359 1388 657 1482 psollemebantur.
699 1387 779 1462 Hos
798 1387 963 1481 elephanti
981 1387 1236 1482 insequebantur

228 1483 376 1577 pedibus
402 1504 606 1577 proterentes
627 1506 726 1581 atquc
745 1488 996 1566 conculcantes,
1015 1483 1179 1580 limdlque
1201 1484 1237 1557 in

231 1582 339 1655 altum
365 1583 615 1674 proboscidibus
640 1582 877 1677 projicientes,
907 1607 947 1654 ac
970 1581 1122 1655 dentibus
1152 1606 1237 1655 cor·

231 1696 347 1770 reptos
375 1678 680 1755 transverberantes.
728 1682 783 1750 nd
816 1697 1004 1751 extremum
1033 1678 1082 1750 illi
1107 1681 1238 1754 summa

234 1799 301 1866 ope
321 1776 464 1850 nitentes
482 1778 652 1852 Antiocho
676 1775 850 1851 victoriam
870 1791 1081 1868 pepererunt.
1124 1776 1240 1850 cate-

237 1869 313 1945 rbm
343 1875 473 1950 Galatae
500 1875 554 1947 alii
578 1876 713 1971 quidem
745 1871 935 1944 dimicando
967 1871 1158 1942 occiderunt
1188 1873 1239 1942 in-

235 1971 330 2065 genti
354 1971 447 2043 clade
469 1971 579 2044 editas
604 1971 658 2043 alii
681 1971 753 2046 vivi
775 1968 864 2058 capti
885 1971 920 2038 in
941 1966 1078 2045 videtis
1096 1965 1240 2058 potesta-

237 2085 304 2137 tem
331 2087 564 2160 pervenerunt.
610 2068 773 2161 Perpauci
798 2065 879 2160 fuga
911 2066 946 2136 in
972 2083 1105 2136 montes
1135 2060 1241 2134 semet

236 2161 441 2237 abdiderunt.
482 2161 589 2237 Portb
608 2185 720 2238 autem
729 2166 937 2238 Macedones
955 2163 1145 2259 quicunque
1161 2183 1241 2234 cum

238 2261 410 2334 Antiocho
429 2263 464 2332 in
484 2264 633 2356 pralium
651 2263 901 2348 descenderant,
920 2262 1036 2334 Paeana
1058 2256 1241 2341 canebant,

240 2355 402 2453 limdlque
424 2360 567 2432 clamore
591 2359 771 2437 irruentes,
784 2383 901 2455 regem
916 2355 1116 2431 coronabant
1132 2358 1242 2430 vibio·

239 2479 321 2527 rem.
364 2460 411 2529 At
438 2457 491 2527 ille
516 2456 678 2550 profusas,
706 2476 743 2545 ut
773 2457 903 2540 fertur,
932 2455 1137 2551 lachrymis,
1164 2456 1240 2527 Pu-
1291 2502 1296 2507 —

238 2556 320 2625 dore
344 2552 535 2633 afficimur,
562 2554 693 2645 inquit,
720 2551 742 2621 ὃ
769 2553 921 2628 milites,
949 2551 1070 2643 quibus
1097 2549 1241 2623 salus'in

238 2648 334 2734 hisce,
353 2651 511 2723 undecim
539 2648 625 2722 sletit
650 2645 897 2735 belluisr'adeb
924 2663 962 2716 ut
987 2645 1045 2715 nisa
1068 2643 1241 2735 spedlaculi
1274 2684 1287 2696 κ

238 2747 370 2819 novitas
396 2745 541 2821 ballium
564 2748 695 2819 animos
728 2742 949 2833 perculisset,
968 2740 1048 2833 quid
1072 2764 1133 2812 nos
1160 2765 1241 2837 erga

237 2845 315 2915 illos
343 2840 533 2915 fuissemusi
567 2842 610 2913 In
636 2838 824 2935 trophaeum
845 2838 926 2910 nihil
945 2835 1034 2910 aliud
1054 2835 1154 2933 qu'am
1172 2840 1242 2909 ele-

238 2940 404 3034 phantum
432 2940 520 3038 jussit
550 2938 710 3031 sculpere.
830 3002 833 3008 .
1190 2985 1198 2997 »

287 3043 442 3133 lugentes
464 3037 654 3130 Galatam.)
679 3033 829 3111 Gatatae,
852 3032 987 3126 quos&
1010 3029 1243 3123 Gallograecos

239 3153 384 3215 vocant,
406 3134 522 3227 populi
544 3132 616 3206 sunt
637 3132 774 3203 minoris
800 3127 887 3203 ntia
911 3131 1002 3222 juxta
1023 3125 1220 3220 Phrygiam.

290 3234 456 3305 Lucerum
472 3254 542 3304 cunt
551 3227 686 3322 sceva.)
711 3230 765 3299 Sic
787 3247 951 3313 contexe,
976 3224 1068 3299 Ciam
1090 3221 1176 3294 saeva
1193 3220 1246 3295 vis

239 3326 350 3402 boum
381 3327 575 3409 Lucerum,
603 3321 805 3417 appositivi,
829 3324 897 3398 dira
921 3316 1104 3416 proboscis.
1141 3316 1244 3391 Eras-

243 3451 320 3499 mus
342 3424 375 3493 in
396 3423 516 3520 adagio
531 3422 683 3495 Latinum
702 3421 842 3494 uerbum.
882 3422 992 3494 Latini
1011 3436 1143 3491 veteres
1165 3415 1246 3507 (in·
1389 3495 1396 3505 ,

243 3520 342 3616 quit)
368 3521 497 3593 Lucam
524 3518 676 3591 dicebant
709 3542 775 3609 pro
796 3519 924 3612 grandi.
966 3520 1009 3589 Et
1032 3514 1067 3587 in
1096 3511 1246 3607 adagio,

243 3622 347 3693 Prius
373 3614 489 3715 locedia
512 3618 621 3690 hovem
643 3617 759 3711 pariet.
801 3618 939 3696 Lucas,
965 3610 1096 3706 inquit,
1120 3611 1246 3704 antiqui

240 3714 351 3789 boves
379 3713 581 3809 appellabant
615 3714 661 3789 ob
697 3712 975 3805 magnitudinem.
1028 3710 1136 3803 Quod
1162 3706 1247 3779 mihi

242 3838 314 3887 non
339 3811 376 3884 sat
398 3810 596 3886 verisimile:
621 3832 684 3881 nec
711 3807 778 3878 scio
796 3812 887 3880 unde
903 3807 975 3881 haec
993 3805 1049 3880 illc
1074 3825 1141 3879 tam
1161 3805 1247 3876 anti-

242 3934 311 4007 qua
337 3910 469 3985 eruerit.
507 3910 600 3982 Nam
613 3906 678 4006 M·
693 3906 805 3983 Varro
829 3907 884 3979 lib.
902 3910 934 3983 6.
960 3908 1002 3977 de
1023 3903 1155 3999 Lingua
1175 3902 1248 3972 La·

242 4012 340 4095 aina,
365 4008 459 4093 athal,
474 4005 517 4085 ait
551 4000 743 4101 hujusmodi
761 4002 917 4197 zQimb'a
950 4006 1036 4097 Luat
1063 4004 1107 4105 ¹ait
1143 3996 1253 4166 diqqq
