3175 4825
313 419 363 510 '48
517 413 821 490 commater.
860 429 917 486 ru
954 414 1124 488 Attutts

221 530 223 539 l
314 535 429 628 slupro
452 534 666 626 interpellata.
710 537 775 608 Sed
808 527 919 606 tamen
946 535 1072 608 Pratus
1095 531 1212 606 nolens
1237 545 1323 624 pro·v

314 636 385 728 pria
409 660 511 708 manu
535 630 827 724 Bellerophontem
851 632 1038 724 perimere,
1057 631 1223 730 ablegavit
1244 649 1323 702 eum

314 734 349 803 in
372 733 513 826 Lyciam
536 732 576 823 ad
594 729 748 801 socerum
769 727 947 807 Iobatem,
967 729 1070 802 literis
1093 732 1140 803 illi
1163 755 1225 803 nec
1251 728 1323 820 opi·

314 831 405 900 nanti
428 827 635 923 designatum
659 825 788 899 facinus
812 826 1030 899 indicantibus
1054 828 1149 901 datis.
1186 831 1231 900 At
1257 827 1323 896 10-

315 926 407 999 bates
439 925 681 999 adolescentem
711 925 862 1016 plurimis
899 923 936 997 &
967 925 1121 998 maximis
1155 924 1325 1020 objedlans
1372 961 1377 969 ·
1424 993 1425 998 ,

313 1026 493 1114 periculis,
507 1024 778 1114 incolumemque
800 1039 897 1113 atque
919 1021 1083 1118 invislum
1098 1020 1225 1114 semper
1246 1045 1325 1096 eva·
1424 1081 1425 1088 ,

314 1119 384 1194 sisse
412 1145 575 1202 cernens,
598 1143 635 1190 re
658 1115 851 1212 diligentius
879 1115 988 1190 secum
1010 1117 1253 1196 animadversa,
1273 1141 1325 1190 re·
1424 1165 1425 1170 =

268 1212 274 1233 ⁸
313 1219 399 1314 perit
425 1222 581 1296 tandem,
606 1237 734 1285 metam
754 1213 839 1285 hanc
863 1210 926 1286 else
951 1215 1325 1300 fallaciam‚&calum·
1421 1243 1425 1286 :

313 1318 414 1388 niam.
460 1317 543 1386 Non
569 1313 659 1385 enim
677 1328 845 1382 tantorum
860 1310 1026 1384 malorum
1044 1313 1219 1387 cumulum
1245 1311 1324 1386 viri·
1422 1345 1423 1348 ¹

181 1412 184 1417 ’
313 1415 379 1486 bus
410 1411 552 1503 propriis
582 1406 758 1502 superasset
791 1404 922 1480 illaesus.
974 1410 1111 1483 Obtulit
1139 1412 1250 1523 'igitur
1277 1408 1354 1480 illi‘*
1424 1443 1425 1482 r

314 1508 528 1585 Cassandram
562 1507 666 1579 filiam
699 1506 731 1577 in
766 1527 942 1602 uxorem,
980 1505 1017 1580 ὃ(
1051 1531 1146 1604 regna
1185 1527 1326 1601 partem.

294 1603 452 1682 'Verhm
478 1602 751 1696 Bellerophontes
773 1601 876 1674 rebus
895 1602 1040 1675 ‘feliciter
1073 1605 1172 1701 gellis
1200 1606 1324 1690 elatus,

199 1745 202 1753 =
314 1703 443 1798 Pegaso
462 1702 601 1774 infidens
620 1704 653 1771 iu
675 1697 793 1771 caelum
812 1700 945 1774 evolare
966 1699 1085 1774 statuit.
1112 1705 1177 1776 Sed
1190 1704 1323 1796 Jupiter
1418 1739 1425 1775 t

314 1803 351 1873 id
374 1799 464 1895 aegr'e
484 1799 617 1878 serens,
630 1797 781 1870 ‹oellrum
795 1793 929 1872 immisit
947 1797 1096 1894 Pegasoz
1120 1804 1210 1874 unde
1232 1804 1324 1874 ceci·
1418 1835 1425 1880 ε

249 1937 252 1944 ’
274 1943 282 1952 -
315 1899 394 1972 dille
411 1896 704 1988 Bellerophontem
721 1893 807 1964 fama
829 1892 893 1980 esi,
921 1893 1138 1992 cecidisseque
1163 1900 1325 1994 iu'Lyciae
1421 1935 1425 1980 ῃ

315 2019 438 2088 campo
463 1995 542 2088 (qui
565 1993 607 2066 ab
628 1989 820 2084 huiusmodi
844 2009 967 2067 eventu
986 1993 1103 2068 Aleius
1120 1996 1228 2070 didius
1251 1995 1326 2087 est)

315 2093 501 2184 erralleque
531 2087 579 2162 ibi
605 2087 849 2168 claudums&
883 2115 1062 2176 mancum,
1095 2087 1324 2190 aecepilleque
1416 2123 1423 2176 3

314 2193 487 2266 Auroram
511 2190 601 2259 dono
621 2185 663 2258 ab
683 2189 772 2268 Jove
792 2210 918 2280 equum
935 2189 1049 2272 illum,
1068 2207 1105 2264 ut
1124 2188 1191 2263 line
1209 2191 1326 2266 labore
1415 2223 1423 2270 2

315 2289 435 2363 muudi
454 2287 566 2379 plagas
582 2279 719 2357 celerius
740 2282 844 2376 pollet
867 2285 1055 2359 circumire.
1095 2286 1248 2364 Hilloria
1269 2313 1325 2362 re·
1416 2323 1425 2374 r

314 2386 420 2463 sertur
439 2383 481 2455 ab
502 2381 709 2475 Asclepiade.
750 2380 838 2454 Hac
862 2381 1068 2457 Scholialles.
1113 2384 1257 2460 Hesiodi
1277 2403 1326 2460 ta·
1423 2432 1425 2477 p

316 2506 396 2557 men
414 2480 608 2572 interpretes
623 2481 656 2548 in
668 2478 895 2572 Theogonia‚
914 2480 1118 2556 Chimaeram
1139 2482 1230 2557 sensu
1245 2484 1331 2557 alle·'
1423 2488 1425 2568 ᾗ

343 2580 437 2652 orico
458 2595 524 2649 tres
546 2593 716 2676 eppenuut
730 2576 923 2652 Rhetoricae
949 2600 1079 2670 partes,
1101 2583 1325 2662 Dicanicam2
1424 2638 1425 2641 ,

314 2606 376 2752 seu
399 2675 613 2771 judicialem,
638 2671 900 2770 Panegyricam,
927 2674 983 2750 seu
1005 2676 1327 2757 demonstrativam,
1424 2696 1425 2717 ¹

315 2775 626 2872 Symbuleuticam,
649 2769 704 2843 seu
722 2770 982 2847 deliberativam.
1007 2775 1060 2845 Ita
1082 2793 1118 2846 ut
1134 2776 1188 2847 leo
1207 2773 1328 2871 judicii
1424 2820 1425 2855 p

315 2872 596 2965 reseratgenuss
622 2871 904 2959 modenana,
930 2889 1028 2963 atque
1053 2869 1204 2967 elingues
1230 2896 1330 2965 quo·
1423 2912 1425 2955 1

241 3039 249 3048 ,
317 2973 395 3059 dam
415 2971 520 3038 modo
545 2991 588 3037 ex
612 2965 748 3037 adverso
772 2967 917 3036 dicentes
939 2966 1115 3039 constituit.
1154 2967 1329 3043 Chimaera
1416 3018 1420 3037 1

315 3062 401 3141 veri>
431 3062 500 3134 five
528 3088 625 3155 capra
658 3065 808 3154 praeferat
839 3062 1033 3135 laudationis
1061 3084 1213 3160 typum:
1247 3068 1328 3160 quia
1416 3100 1425 3147 ς,

255 3241 258 3245 ,
316 3162 439 3237 lascivit
465 3159 569 3235 latius
589 3176 661 3231 tum
686 3161 743 3252 qui
764 3157 865 3241 dicit,
891 3178 962 3231 tum
981 3159 1037 3255 qui
1064 3166 1165 3238 audit.
1208 3166 1329 3241 Draco
1418 3198 1425 3241 e

317 3262 461 3355 denique
487 3258 632 3354 obtineat
660 3255 953 3353 Symbuleuticum
985 3284 1091 3352 genus
1107 3306 1130 3344 ‚-
1145 3266 1236 3357 quod
1260 3284 1331 3333 va-
1419 3266 1425 3335 l

316 3362 406 3432 tium
428 3357 467 3432 stt
484 3357 518 3425 in
536 3354 650 3447 primis
661 3395 675 3429 2
687 3355 724 3427 ὅ(
738 3353 883 3447 longiori
909 3358 949 3428 ad
966 3354 1231 3448 persuadendum
1248 3374 1334 3431 uta·
1416 3404 1423 3429 <

315 3454 551 3532 t'ur'orationis
573 3453 688 3525 tractu
729 3450 877 3522 Monstri
898 3473 1004 3525 mater
1028 3452 1070 3525 ab
1096 3456 1249 3529 Hesiodo
1273 3457 1335 3525 di..
1420 3462 1425 3526 t

316 3554 406 3626 uitur
430 3549 600 3635 Echidna,
626 3574 726 3643 quam
747 3548 830 3620 nihil
855 3549 1030 3624 aliudesse
1054 3553 1191 3633 volunt,
1221 3546 1333 3646 qu'am
1414 3556 1425 3651 ‘J

317 3648 444 3723 variam
468 3647 779 3740 multiformemque
807 3650 925 3719 mentis
950 3648 1047 3729 vim,
1067 3649 1104 3725 ὅ(
1125 3648 1337 3743 multiplici-a
1419 3668 1422 3679 ·

317 3746 382 3822 bus
404 3743 595 3838 implicitam
625 3742 717 3837 spiris
739 3761 874 3825 artem,
907 3744 1087 3821 Chimaerae
1114 3746 1210 3819 instar
1238 3748 1334 3843 iguis

316 3839 683 3936 evomentemglobos.
719 3842 777 3913 nit
792 3838 963 3915 Hesiodus
979 3844 1013 3915 in
1027 3844 1221 3941 Theogonia
1238 3846 1337 3929 Chi·
1421 3854 1423 3865 ’

316 3939 453 4018 maram
478 3940 658 4032 tricipitem
682 3937 797 4022 fuisse,
826 3938 1001 4033 capitaque
1023 3940 1169 4015 habuisse
1199 3944 1339 4031 leonis,
1369 3984 1374 3989 -

317 4039 475 4139 capella,
496 4035 670 4128 draconis,
687 4038 834 4138 citatque
855 4038 973 4114 eadem
994 4036 1147 4115 Homeri
1171 4042 1340 4211 carpi?-
1424 4038 1425 4045 '

1006 4166 1008 4173 .
1260 4159 1283 4209 n
1311 4160 1336 4217 e
