3175 4825
327 331 403 412 322
540 317 939 386 eorumeorurn
982 317 1153 381 nunu:

329 459 405 508 eam
419 429 575 505 attonitus
589 455 627 502 ac
644 429 855 524 stupefactus.
880 425 1081 510 Orationem
1096 449 1158 500 nos
1173 422 1265 504 Galli
1282 429 1347 494 nei

328 553 497 626 quaquam
518 526 715 602 arbitramur
729 527 792 598 elle
808 526 1043 608 Mercurium,
1059 525 1346 620 quemadmodum

329 652 393 702 vos
409 626 543 702 Gracci:
560 625 678 698 verbm
690 625 835 697 Herculi
851 624 941 696 illam
958 621 1154 704 tribuimus,
1170 639 1349 714 propterea

329 722 424 820 'qubd
443 724 497 795 hic
519 723 697 796 Mercurio
725 719 829 817 longi
853 719 1022 796 robullior
1046 724 1202 792 extiterit.
1248 718 1345 788 Nam

202 817 206 828 ’
330 819 424 915 qubd
443 819 542 893 senex
554 819 708 917 fingitur,
726 819 809 891 nihil
829 817 892 908 est,
911 820 1003 913 quod
1019 815 1164 897 mirice,
1182 815 1348 907 liquidem

330 942 397 991 una
418 918 572 992 facundia
596 916 767 989 consuevit
794 921 839 988 in¹
853 913 979 988 senecia
996 917 1134 990 demum
1158 912 1348 986 absolutum

332 1017 488 1111 rigorem
500 1011 672 1087 ostendere
682 1041 691 1083 r
703 1014 809 1086 modb
822 1038 942 1088 verum
957 1010 1055 1087 veliti
1069 1016 1175 1086 dicant
1191 1011 1323 1104 poitur,

383 1113 517 1206 Obduci
531 1113 688 1205 juvenum
715 1109 810 1197 denso
836 1113 977 1206 caligine
1002 1111 1137 1206 pellas:

380 1205 508 1285 Contrd
524 1209 690 1298 scordium
711 1206 796 1303 poffe
820 1210 973 1302 quiddam
1001 1209 1109 1281 dicere

381 1307 470 1379 Rudi
487 1310 625 1401 juventa
650 1307 762 1376 melius
789 1329 827 1376 nc
849 1305 1052 1402 praeclarius·
1154 1377 1159 1384 ,
1200 1322 1211 1341 ··

333 1403 429 1480 Hinc
452 1403 607 1476 videlicet
634 1403 725 1494 apud
753 1425 835 1482 vos,
859 1400 899 1476 δι
923 1400 1077 1474 Nestoris
1106 1399 1219 1496 lingua
1244 1400 1349 1474 melle

332 1495 563 1596 profluit,&
596 1498 830 1591 Troianorum
864 1499 1117 1572 concionatores
1149 1499 1350 1572 Lirioellam

258 1668 262 1673 .
333 1601 459 1679 edunt,
482 1594 635 1672 videlicet
654 1596 809 1687 floridam
829 1600 993 1688 quandam
1008 1620 1140 1668 vocem.
1179 1593 1274 1666 Nam
1289 1597 1353 1670 Li·

318 1695 406 1777 ³ria,
426 1692 450 1765 st
473 1693 544 1767 latis
564 1697 803 1776 commemini,
831 1690 933 1768 flores
955 1695 1180 1786 appellantur}
1203 1698 1351 1783 proinde

334 1790 430 1887 qubd
449 1793 491 1866 ab
511 1790 646 1868 auribus
661 1792 793 1867 vinidos
819 1795 859 1864 ad
877 1793 1026 1888 linguam
1044 1790 1143 1863 trahit
1166 1787 1266 1866 senex
1293 1793 1350 1865 hic

335 1887 528 1974 Hercules,
545 1891 686 1983 quinon
706 1889 817 1970 aliud,
833 1887 933 1985 qu'am
950 1886 1018 1981 ipse
1035 1888 1082 1960 ell
1103 1886 1231 1973 sumo,
1254 1915 1301 1962 ne
1318 1891 1351 1962 id

335 1988 473 2082 quidem
495 1986 595 2059 debes
619 1987 797 2058 admirari:
813 1987 869 2079 qui
885 1989 1020 2078 quidem
1033 2009 1101 2058 non
1115 1987 1250 2080 ignores
1258 2023 1273 2068 ,·
1288 1989 1349 2060 lin·

334 2108 507 2180 guarum
522 2082 655 2157 auribus
676 2081 739 2156 elle
762 2086 1009 2178 cognationem.
1054 2085 1179 2176 Neque
1201 2083 1285 2157 verb
1310 2087 1350 2158 ad

333 2179 578 2254 contumeliam
593 2179 680 2252 illius
695 2181 777 2253 illud
795 2183 957 2272 pertinet,
979 2177 1070 2274 qubd
1090 2204 1128 2251 ea
1147 2175 1277 2270 perlusa
1295 2182 1348 2254 cll.

336 2279 435 2350 Nam
449 2277 609 2356 memini,
625 2275 754 2370 inquit,
775 2277 812 2350 ἃ
828 2278 998 2350 lambiens
1021 2277 1182 2372 quosdam
1200 2277 1350 2355 verticu-

231 2395 234 2403 ’
335 2375 389 2448 los
411 2373 430 2446 ‘e
452 2371 630 2458 comoediis
652 2378 742 2467 apud
763 2398 825 2447 vos
848 2377 1002 2453 dilcere,

311 2558 316 2563 ,
386 2469 555 2567 Siquidem
574 2469 663 2567 juris
687 2472 877 2568 loquacibus
1412 2482 1413 2545 l

379 2573 548 2643 ,Extrema
572 2570 693 2664 lingua,
709 2568 881 2668 perforare
908 2566 951 2667 cll
977 2570 1131 2645 omnibus.
1412 2558 1413 2641 l

340 2668 438 2761 Quin
453 2670 494 2739 de
511 2670 633 2741 eodem
649 2666 732 2742 hanc
750 2670 784 2739 in
806 2665 931 2742 summa
949 2667 1112 2743 habemus
1134 2665 1349 2762 opinionem:
1412 2648 1413 2713 l

279 2853 281 2860 Ι
338 2783 378 2837 ut
397 2762 667 2859 quicquid‘egit,
694 2763 728 2834 id
755 2766 905 2837 oratione
931 2766 1151 2859 facundiaque
1174 2766 1351 2840 coniecille

223 2889 227 2895 ·
266 2902 276 2915 ι
337 2880 515 2957 putemus:
545 2879 664 2952 utpote
685 2863 798 2935 virum
824 2864 1026 2955 sapientem,
1056 2889 1094 2936 ac
1122 2861 1352 2955 persuadendo
1412 2896 1413 2951 l

339 2957 498 3060 pleraque
512 2958 570 3030 srbi
587 2954 760 3051 subegille.
786 2959 861 3039 lam
875 2961 937 3031 tela
955 2961 1060 3041 illius,
1075 2960 1234 3032 nimirum
1250 2967 1352 3036 rario-
1412 2974 1413 3041 l

340 3054 495 3130 nes-‘suut
517 3073 642 3134 acutae,
666 3052 818 3138 milirles,
845 3059 919 3128 citae
931 3102 946 3141 „
973 3058 1073 3149 atque
1096 3059 1241 3130 animam
1272 3060 1352 3135 sau·
1412 3076 1413 3151 l

340 3154 475 3225 clames.
515 3155 614 3229 Unde
634 3154 814 3249 pennigera
835 3156 920 3227 dieta
939 3178 1002 3227 vos
1017 3179 1153 3250 quoque
1167 3156 1354 3233 nominatis.
1412 3160 1413 3237 l

339 3246 518 3324 Hactenus
531 3251 662 3329 Gallus.
690 3248 992 3325 VidetoBudarum
1009 3251 1044 3321 in
1063 3254 1354 3348 Pandeuasprro·
1412 3246 1413 3297 t

340 3369 412 3422 res:
430 3349 489 3441 qui
512 3350 584 3423 haec
605 3350 723 3433 eadem
748 3371 790 3417 ex
810 3350 960 3421 Luciano
982 3346 1085 3427 fufius
1107 3349 1217 3424 vertit.
1256 3352 1354 3427 Huic

341 3445 488 3613 conqinit
503 3449 585 3521 illud
600 3442 807 3527 Salomonis,
829 3446 892 3519 Ubi
907 3443 1141 3543 eslsapierttia,
1155 3448 1201 3523 ibi
1219 3445 1262 3546 efl
1277 3449 1355 3542 sor·
1412 3468 1413 3541 l

277 3584 282 3593 ι
342 3560 407 3613 rrru
429 3566 461 3612 0.
804 3580 833 3595 ‚.
1412 3586 1413 3601 κ

223 3691 233 3741 :
392 3641 520 3713 Cedunt
546 3666 636 3714 arma
663 3634 788 3738 rogae.)
819 3640 949 3717 Alludit
977 3640 1019 3713 ad
1043 3637 1129 3717 illud
1155 3638 1356 3723 ciceronis-1

341 3758 438 3811 num.

177 3840 179 3846 ’
313 3939 316 3947 Ι
389 3834 514 3911 Cedant
537 3858 630 3911 arma
653 3791 760 3935 rope,
788 3834 942 3925 concedar
969 3829 1084 3913 laurea
1105 3836 1240 3935 lingue.

1228 4030 1413 4144 *rr-r
