3175 4825
371 333 613 440 nacta-rr
649 340 906 414 Euocant.
938 339 1046 417 clx
1146 362 1219 438 ²19

237 439 283 544 Et,
305 458 329 530 si
352 481 419 534 non
443 489 500 536 me
526 464 628 547 fallit,
652 464 745 540 aliter
768 462 937 556 explanari
961 465 1003 539 ab
1026 461 1222 558 interprete.

218 543 351 651 Cupido
368 557 479 655 graeci
500 565 623 637 dicitur
640 563 712 656 ipat.
753 563 849 638 Huic
868 564 1070 642 contrarius.
1091 559 1220 654 qusque

180 677 362 730 amorem
388 657 554 742 dissolvit,
583 664 739 734 Anteros.
779 665 837 734 De
859 687 928 756 quo
956 658 1079 732 sensisse
1098 661 1222 758 Virgi-

181 753 294 827 3ium
309 775 460 828 autumat
474 759 608 831 Servius
619 781 655 854 4.
673 759 832 832 AEncidos
845 760 880 829 in
894 759 945 830 his
959 757 1197 840 Carminibus,

262 849 413 946 Testatur
438 859 597 928 moritura
622 863 721 941 deos,
746 855 786 932 θ
812 857 936 948 conscia
953 853 1046 946 sati.

262 951 403 1023 Sidera:
428 974 495 1024 turn
512 951 544 1047 fi
568 957 655 1049 quod
681 979 746 1026 nort
772 979 863 1050 aequo
880 951 1002 1044 federe
1025 977 1171 1029 amantes

264 1049 358 1120 Curae
377 1073 494 1123 numen
512 1049 626 1135 salet,
637 1049 818 1148 justqu‘uc
834 1050 1015 1146 memdrpue
1029 1071 1197 1148 precatur.

231 1145 391 1228 Anteros,
422 1164 458 1218 ut
489 1149 595 1242 inquit
623 1149 747 1238 Cicero
769 1171 804 1242 3.
833 1153 1017 1223 denormat
1044 1151 1147 1220 Deor.
1176 1171 1220 1221 ex

231 1239 347 1315 Venere
379 1264 474 1317 natus
497 1245 576 1340 esi,
610 1266 708 1340 atque
739 1249 862 1320 Marte.
903 1250 1018 1322 Tertio
1049 1242 1220 1340 (inquit)

235 1338 349 1423 Venus,
375 1344 577 1426 Invisitata
601 1342 643 1420 (7
667 1346 799 1426 Dione,
824 1367 890 1440 quae
916 1341 1019 1440 nupfit
1046 1344 1221 1422 Vulcano,

230 1432 273 1525 sal
291 1463 330 1508 cx
357 1463 397 1511 ea
422 1437 463 1513 (9'
488 1438 604 1512 Marte
626 1462 720 1514 natus
742 1443 889 1513 Anteros
911 1446 1041 1514 dicitur.
1074 1434 1085 1459 '

268 1533 344 1606 Tres
358 1532 447 1608 unde'
458 1539 601 1622 corollas
607 1537 678 1628 fert
694 1539 855 1625 manusl)
884 1539 1041 1630 Quatuot
1063 1535 1135 1611 sunt
1152 1537 1222 1626 vir-

231 1644 299 1702 tutes
314 1635 512 1718 cardinales,
535 1638 576 1707 de
591 1635 712 1728 quibus
727 1633 791 1708 sati
803 1636 927 1710 Cicero
942 1637 978 1706 sn
990 1632 1126 1730 officiis,
1140 1661 1221 1729 pru·

229 1727 343 1812 dentis,
358 1729 498 1821 justitia,
515 1734 698 1815 fortitudo,
715 1733 940 1825 temperantia.
983 1733 1139 1821 Quarum
1154 1755 1221 1805 tres

228 1823 337 1898 ultimae
356 1829 389 1898 in
405 1825 599 1922 operatione
615 1831 810 1904 consiliunt:
825 1829 943 1903 ftullta
957 1831 1048 1898 enim
1061 1828 1118 1919 (ut
1135 1829 1220 1920 saepe

224 1925 329 2014 repetit
345 1926 513 2024 Aristot.)
535 1929 615 2020 quid
631 1925 668 2002 fit
691 1929 816 2008 virtus.
847 1950 921 2023 quar
939 1924 1012 2020 ejus
1036 1946 1144 2016 partes
1166 1929 1218 1996 di-

222 2019 353 2107 diceris,
372 2023 431 2096 nisi
454 2051 508 2098 eas
533 2025 636 2100 fueris
660 2045 828 2122 operatus.
869 2023 1047 2098 Prudentia
1071 2022 1138 2094 stne
1165 2018 1220 2090 s-

217 2118 332 2206 pientia
353 2123 453 2216 (nam
470 2123 526 2195 hic
548 2148 610 2218 pro
626 2129 748 2197 eodem
765 2123 960 2206 sumuntur,
974 2120 1126 2216 quamvis
1143 2118 1222 2190 alibi

218 2213 386 2310 differant)
407 2221 516 2294 omnis
533 2222 566 2294 in
590 2225 806 2296 meditatione
828 2219 995 2299 consistit,
1017 2219 1222 2303 intelseslio-

215 2335 318 2408 neque
347 2320 490 2393 utitur„
517 2320 605 2394 Haec
635 2322 739 2417 igitur
761 2320 808 2394 esl
833 2317 962 2397 causa,
1000 2342 1101 2415 quare
1125 2339 1222 2390 amor

214 2415 342 2488 virtutis
368 2414 532 2511 sapientia
550 2416 710 2491 corollam
732 2420 891 2511 incapite
911 2417 1053 2502 lrabeat,
1074 2416 1222 2511 reliquas

211 2506 419 2588 inmanibus
435 2541 508 2609 quae
530 2516 563 2585 in
585 2518 823 2589 exercitatione
848 2512 1033 2587 consistunt.
1080 2543 1086 2555 ’

252 2610 342 2683 Tres
359 2616 443 2685 unde
458 2612 617 2701 corollas?
644 2616 740 2705 Quid
756 2608 919 2709 significet
937 2634 1083 2690 cotona,
1098 2626 1221 2682 notum

212 2703 269 2777 esi:
296 2710 389 2780 inde,
403 2712 545 2796 corolla,
563 2734 663 2804 parva
682 2732 829 2790 cotona,
854 2708 896 2777 de
917 2706 1037 2797 quibus
1051 2708 1129 2778 vide
1145 2708 1222 2776 Pli-

213 2806 303 2875 nium
337 2805 394 2877 tib.
411 2829 467 2887 21.
497 2828 566 2905 cap.
585 2831 619 2886 2·
666 2806 752 2877 Inde
784 2805 992 2879 corollarium
1022 2803 1084 2896 (ut
1113 2804 1222 2895 inquit

214 2896 258 2973 Μ.
271 2906 392 2979 Varro
416 2906 457 2977 de
482 2906 593 3001 lingua
619 2905 722 2977 latina
737 2902 791 2976 lib.
801 2901 860 2997 4.)
881 2903 973 2996 quod
988 2900 1035 2973 esl
1051 2901 1223 2987 additum,

212 2994 259 3071 seu
286 3002 435 3083 additio,
458 3022 576 3094 preter
593 3001 626 3072 id
652 3005 744 3096 quod
762 3002 924 3081 debetur,
946 2983 1116 3092 Hispanis,
1134 3009 1225 3078 artae

213 3096 342 3171 sidura.
382 3098 465 3171 Hoc
487 3102 521 3171 in
543 3099 653 3175 sudis,
670 3125 748 3173 cum
762 3094 951 3191 placuissent
964 3100 1113 3176 astures,
1134 3094 1222 3167 sole·

213 3188 259 3264 bat
279 3196 353 3271 dari
369 3213 486 3288 praeter
506 3192 676 3289 promissas
699 3222 849 3272 coronas.
891 3198 1071 3272 Suetonius
1088 3195 1123 3264 in
1142 3198 1223 3263 Au·
1298 3191 1301 3197 ’

212 3292 324 3388 gusto,
341 3297 526 3369 Corollaria
541 3294 582 3369 (θ’
595 3300 730 3391 praemia
747 3297 782 3366 in
799 3297 914 3370 alienis
929 3316 1055 3389 quoquc
1072 3290 1223 3371 muneri-¹,

216 3388 265 3462 bur
283 3420 323 3466 ac
340 3394 451 3475 ludis.
462 3392 504 3469 ss·
523 3392 634 3465 crebro
653 3392 693 3467 (θ’
707 3397 850 3490 grandia
871 3399 913 3467 dc
924 3393 988 3480 suo
1010 3385 1175 3484 offerebat.

257 3489 427 3583 Quattuor
438 3489 523 3582 &cl
550 3491 671 3565 Virtus
687 3492 718 3561 in
734 3514 858 3585 genere
873 3488 978 3562 subse
993 3484 1139 3559 continet
1155 3484 1223 3559 vir·
1265 3529 1268 3536 ,

216 3602 297 3661 tutes
323 3592 484 3671 morales,
509 3588 545 3665 dt
571 3588 808 3661 intelledlivas:
841 3588 1021 3661 duodecim
1048 3601 1222 3659 enumerat

219 3685 311 3758 Atili.
330 3689 509 3781 praelicat:
524 3686 560 3762 dt
575 3687 723 3780 quinque
746 3707 821 3778 quae
838 3689 881 3757 ad
895 3685 1101 3758 intelledium
1117 3684 1223 3775 perti-

219 3796 312 3870 nent,
333 3785 352 3855 ὲ
369 3784 489 3881 quibus
506 3783 662 3857 omnibus
677 3800 820 3877 quatuor
835 3782 1012 3882 desumpsit
1028 3782 1087 3854 tibi
1106 3787 1222 3855 Ante-

219 3906 285 3954 ros:
302 3900 366 3956 tces
388 3908 433 3956 ex
448 3880 803 3975 predicis‚juslitiamr‚
821 3880 1054 3955 fortitudinem
1066 3922 1078 3964 ,
1089 3898 1238 3974 tempt-¹
1313 3907 1316 3915 ·

220 3981 370 4057 tantiam:
389 4005 491 4057 unam
507 4002 551 4055 ex
568 3979 775 4057 intelleslivis
788 3979 991 4076 sapientiam.
1077 4005 1080 4009 ⁴

1075 4064 1221 4146 turtl-
