3175 4825
395 311 1126 430 sacrun-mmmm
1223 321 1291 436 9¹*

273 467 318 538 ηὶς
341 469 564 566 cjrfmmunm
579 455 719 572 fovent,
745 457 787 534 θ
811 449 938 532 abun&
959 459 1106 542 vidum,
1126 461 1278 562 lautique

265 549 532 720 tnbmnrssrnlzttes
547 553 727 649 subfidtum
743 559 842 630 eriam
860 558 891 630 ri
902 600 921 670 ‚·
935 557 1042 652 quood
1056 555 1138 671 ¹fieri
1150 560 1278 658 potest,

273 646 528 820 milli-..⁸
548 650 1277 856 lllllltllllllltllfl‘lll}

277 861 393 956 notum:
417 867 454 916 ut
476 844 608 960 guidam
632 850 746 924 larum
769 849 912 947 ipsarum
935 849 1050 921 alitum
1071 857 1200 928 nomine
1221 860 1276 932 vi·

278 965 383 1013 aarum
394 965 517 1038 grarrae
528 945 700 1022 diclionem
712 952 874 1048 appellent
891 942 1150 1039 numeralem.
1181 953 1277 1029 Hac·

272 1054 356 1113 tenus
389 1043 439 1115 D.
454 1040 600 1120 Basrlius.
653 1047 752 1122 Extat
777 1049 812 1118 in
835 1045 1039 1121 cunalibus
1059 1048 1187 1122 Erasini
1207 1053 1276 1126 ele·

269 1140 492 1234 gantilfimum
517 1142 764 1236 proverbium,
787 1140 1025 1239 inmnaprl‘r,
1051 1149 1199 1219 centuria
1217 1169 1275 1226 ιο.

268 1237 335 1308 elil.
349 1261 385 1316 2·
410 1240 448 1311 in
469 1242 556 1338 prin.
600 1239 743 1316 Pulchra
768 1243 818 1318 ibi
843 1245 1002 1340 leguntur
1023 1265 1068 1314 ex
1092 1241 1276 1332 Homero,

265 1335 448 1425 Euripide,
471 1338 712 1430 Aristophane,
740 1341 871 1424 Plinio,
892 1334 1096 1432 caterisque.
1140 1342 1275 1416 Addam

266 1431 481 1540 nilrilominus
513 1437 606 1529 quod
638 1437 832 1512 Aristoteles
862 1441 905 1511 de
936 1438 1081 1514 Ciconia
1115 1435 1275 1534 scriptum

266 1529 397 1642 reliqurt
422 1531 478 1605 tib.
507 1538 548 1607 de
573 1555 691 1608 nutura
718 1537 906 1610 animalium
926 1557 961 1629 9.
1001 1535 1159 1612 Ciconias
1190 1539 1276 1632 (in-

268 1629 359 1718 qurt)
386 1630 585 1724 genitorum
605 1630 808 1708 senestutem
834 1636 980 1709 invicem
1004 1637 1172 1722 educare,
1193 1637 1275 1711 vul-

267 1742 378 1894 ἐεῐιιω
407 1725 466 1800 est.
513 1730 580 1804 Sed
603 1729 706 1812 sunt,
731 1732 789 1826 qui
824 1730 991 1825 Meropes
1019 1756 1155 1827 quoque
1182 1734 1275 1807 idem

296 1848 371 1897 cere
393 1825 597 1901 confirment
618 1823 797 1925 vicemque
823 1829 942 1905 reddi,
968 1844 1007 1899 ut
1029 1849 1180 1921 parentes
1204 1856 1275 1904 non

266 1921 366 1995 modi>
391 1923 627 2005 senescentes,
657 1951 777 2000 verum
803 1928 905 1999 etiam
931 1921 1069 2004 statim,
1099 1923 1177 1996 eiam
1206 1929 1275 2025 jam

268 2021 356 2095 datur
373 2021 538 2104 facultas,
555 2023 681 2098 alantur
703 2050 805 2118 opera
825 2023 1031 2108 liberorum,
1044 2045 1105 2094 nec
1124 2041 1276 2114 patrem,

265 2139 319 2191 aut
341 2138 489 2192 matrem
513 2123 625 2197 exire:
648 2119 703 2192 sed
727 2126 762 2194 in
787 2122 890 2195 cubili
916 2138 1088 2194 manentes
1112 2118 1201 2212 pasci
1228 2121 1275 2196 la·

266 2215 348 2288 bore
371 2243 493 2290 eorum
505 2261 517 2300 ‚
529 2243 613 2310 quos
633 2217 696 2308 ipsa
716 2239 932 2316 genuerunt,
946 2219 1173 2302 enutrierunt,
1192 2223 1276 2292 edu·

268 2333 392 2385 carunt.
427 2317 518 2389 Haec
535 2317 601 2389 ille.
640 2321 735 2392 Orus
760 2335 874 2394 antem
892 2318 1020 2413 Apollo
1038 2315 1101 2389 lie:
1128 2317 1276 2392 Parentis

266 2430 450 2486 amatorem
463 2413 649 2513 fignificare
662 2419 814 2489 volentes
828 2420 982 2514 AEgyptii
998 2416 1176 2489 Cironium
1195 2420 1276 2508 pin·

258 2526 369 2606 gunt.
407 2512 491 2586 Haec
516 2513 613 2588 enim
634 2512 652 2584 'a
676 2515 870 2608 parentibus
895 2513 1064 2594 enutrita,
1086 2536 1156 2585 non
1180 2514 1276 2603 sepa·

252 2627 361 2681 ratur
385 2606 427 2680 ab
449 2610 539 2686 illis:
576 2608 695 2685 verirm
725 2615 766 2684 ad
791 2612 945 2683 ultimam
972 2609 1076 2701 usque
1110 2608 1275 2695 senefiam

248 2730 462 2806 permanens
482 2755 496 2794 ‚
519 2707 711 2802 parentibus
734 2710 864 2781 vinium
894 2702 1024 2777 sufficit.
1065 2705 1166 2779 Idem
1192 2705 1276 2776 libro
1355 2709 1359 2713 ’

243 2808 373 2901 priore
397 2809 439 2881 de
463 2807 631 2899 Cucupha
655 2806 688 2877 in
716 2804 807 2878 hunc
831 2806 973 2874 modum
998 2799 1126 2874 scribit:
1158 2800 1276 2879 Grati-

247 2904 418 2978 tudinem
447 2902 624 2977 scribentes
648 2902 852 2997 Cucupham
875 2924 974 2973 avem
1005 2899 1157 2996 pingunt.
1195 2899 1276 2974 Sola

247 3002 352 3075 enirn
375 3002 451 3075 haec
474 3019 671 3075 caeterorum
694 3002 888 3075 animalium
915 2997 1105 3092 parentibus
1129 2999 1196 3093 jam
1224 2994 1276 3068 se·

247 3098 313 3173 nio
342 3098 512 3177 confertis
535 3101 676 3196 gratiam
699 3100 815 3173 refert.
854 3098 895 3169 In
920 3122 987 3192 quo
1012 3099 1104 3171 enim
1129 3100 1207 3168 loco
1233 3091 1276 3165 ab

248 3196 303 3269 eis
328 3199 460 3272 nutrita
488 3196 558 3279 eli,
579 3198 696 3269 nidum
719 3198 785 3270 illis
808 3194 964 3275 conficit,
989 3219 1027 3265 ac
1052 3216 1178 3285 pennas
1197 3190 1275 3261 vel-

247 3291 313 3375 lit,
344 3293 533 3389 cibtrmque
556 3292 704 3379 sufficit,
731 3290 907 3389 quousque
930 3290 1051 3364 renatis
1075 3289 1191 3379 pennis
1215 3308 1275 3376 per

249 3387 288 3463 se
316 3392 416 3489 ipsos
442 3394 511 3491 jam
534 3412 686 3485 parentes
712 3393 827 3463 eibum
850 3412 967 3483 parare
990 3384 1123 3478 polsrnt.
1175 3384 1276 3456 Unde

248 3493 378 3567 divina
401 3490 527 3585 sceptra
551 3488 720 3581 Cucupha
743 3489 934 3587 insrgniunt.
977 3483 1066 3557 Hac
1091 3481 1155 3559 ille.
1197 3482 1275 3555 Fuit

249 3610 379 3665 autem
403 3587 546 3665 Ciconia
561 3587 626 3679 (ut
643 3590 684 3659 ad
702 3584 831 3660 fabulas
847 3608 910 3657 nos
926 3583 1185 3675 convertamus)
1200 3577 1276 3653 anti

247 3690 492 3780 pulcherrima
513 3683 623 3778 puella
635 3684 806 3768 Troiana,
826 3683 965 3755 nomine
978 3680 1173 3776 Antigone,
1189 3679 1276 3751 Lao·

247 3787 435 3863 medontis
453 3785 540 3865 filia,
553 3806 627 3876 quae
647 3780 728 3857 cirm
744 3783 777 3857 se
801 3782 936 3875 inoleret
955 3781 1074 3858 formae
1092 3777 1276 3871 pulchritu-

247 3886 540 3973 dine'Junonem
558 3880 733 3974 luperare,
750 3879 768 3953 ‘a
788 3882 924 3963 Juuone
943 3875 978 3950 in
993 3878 1174 3954 Cironium
1188 3896 1276 3945 ron·
1393 3950 1400 3961 ,

246 3983 359 4061 versa
376 3984 453 4061 fuit.
476 3982 518 4055 de
543 4002 607 4075 qua
627 3978 775 4057 Ovidius
794 3980 831 4052 in
851 3978 886 4055 6.
917 3972 1278 4146 Tranassem-rafim&
1327 3972 1336 3989 '
