3175 4825
374 349 603 468 ‘'An-ornur
639 391 898 469 Euentu.
928 389 1096 474 xcvtt.
1181 413 1255 477 201

265 505 453 584 &statuarii
480 512 641 606 scalpunt,
665 516 950 608 quemadmodum
977 517 1092 591 Gracci
1125 518 1258 610 caprina

263 599 352 690 satie,
376 608 574 703 hircinisque
597 611 770 693 cruribus,
790 612 1043 706 haudquaquam
1067 611 1258 686 exislimau·

261 721 302 773 tea
324 729 406 778 eum
428 705 495 778 esse
514 709 636 793 talem,
664 707 719 780 sed
744 707 884 780 similem
908 710 1037 781 caetetia
1061 713 1133 784 dlis.
1174 713 1257 804 Qua

260 815 361 872 tamen
394 828 474 874 eum
503 805 594 879 causa
625 807 723 877 talem
755 804 964 887 describant,
994 827 1063 876 nott
1093 806 1140 880 esl
1171 805 1257 879 mihi

262 897 358 970 relatu
383 899 577 992 jucundum.
610 903 701 975 Vide
725 901 938 975 Plutarchum
965 902 1064 994 lid-q.
1083 905 1123 976 de
1141 905 1259 995 placit.

260 995 426 1089 philosoph.
449 1019 516 1094 cop.
533 1021 565 1092 5.
604 986 704 1072 VioQ
716 1000 817 1072 Alere
840 999 974 1094 Aphro.
995 1000 1032 1070 iu
1048 1021 1083 1096 7.
1103 1000 1192 1087 'paral
1216 999 1259 1070 ccl

262 1095 374 1176 ulma
420 1097 513 1171 Vide
540 1097 675 1170 Lucret.
702 1097 802 1190 ΗΜ.

288 1269 409 1346 aRs
458 1269 802 1347 NATURAM
849 1269 1222 1355 ADJUVAT.
1367 1278 1371 1287 '

401 1433 1118 1524 EunaaunXCVlll.

298 1611 347 1683 Ut
364 1607 501 1707 sphaerae
524 1613 693 1693 Fortuna,
717 1610 803 1692 cubo.
815 1607 865 1702 fit
889 1607 1003 1703 infidtt
1027 1613 1186 1686 Hermes:

293 1711 296 1718 '
354 1709 493 1780 Artibus
521 1710 599 1789 hic,
621 1705 728 1778 variis
756 1703 880 1798 colibus
901 1709 959 1778 illa
981 1706 1107 1802 praeest.

298 1807 472 1888 Aduersus
497 1807 563 1876 uim
584 1805 735 1877 Fortunae
756 1803 818 1900 est,
843 1830 898 1875 ors
916 1802 1037 1895 sollu:
1048 1805 1111 1892 scd
1136 1809 1217 1880 ortis

352 1900 431 1973 Ciam
449 1900 587 1992 fortuna
609 1901 695 1971 mulo
720 1898 783 1995 est,
800 1902 889 1996 saepc
910 1902 1046 1995 requirit
1071 1920 1170 1995 opem.

301 1995 401 2084 Disce
425 2000 524 2070 bottas
549 2019 635 2068 artes
656 1998 758 2094 igitur
774 1997 918 2092 studioso
933 1999 1116 2092 juventus,

346 2095 437 2189 Quae
459 2116 545 2171 terta
558 2087 668 2187 secum
693 2096 855 2171 commoda
870 2096 974 2188 sortis
998 2095 1126 2169 habent.

313 2258 478 2348 Umptum
503 2287 545 2334 ex
571 2261 704 2336 Galeno
728 2260 761 2333 in
784 2284 867 2340 orat.
885 2260 1032 2352 suasoria
1050 2259 1094 2333 ad
1115 2279 1199 2332 urtts
1220 2258 1256 2330 r‘rt

326 2361 416 2455 prin.
449 2379 601 2455 operum,
633 2360 691 2452 qui
723 2363 766 2433 do
790 2361 923 2435 fortuna
947 2362 1086 2456 loquens
1116 2356 1159 2430 fic
1189 2359 1255 2439 ait,

249 2452 363 2542 Cujus
386 2456 528 2527 indicare
547 2456 726 2550 nequitiam
751 2458 830 2531 chm
853 2480 983 2531 veteres
1004 2452 1257 2537 conslituiffent5

247 2550 283 2619 in
298 2552 499 2625 soemineam
523 2551 665 2645 speciem
682 2557 868 2645 exprimere
883 2578 950 2625 nou
963 2554 1110 2624 contenti
1131 2552 1256 2643 (quan-

245 2662 354 2739 'quam
382 2650 447 2721 hoc
482 2648 553 2721 satis
577 2666 692 2740 aptum
724 2670 794 2721 erat
823 2650 974 2721 amentiae
1000 2644 1155 2742 signum)
1183 2670 1256 2742 gu·

245 2742 471 2820 bernaculum
496 2750 595 2819 etiam
618 2744 771 2817 manibus
786 2746 976 2818 habendum
992 2747 1179 2821 dederunt,
1198 2744 1257 2813 ba-

227 2836 296 2911 'fin
318 2844 462 2936 pedibus
486 2841 659 2941 globosam
680 2840 913 2937 subjecerunt,
934 2866 1007 2914 eam
1035 2842 1179 2932 denique
1200 2864 1257 2913 ot·

245 2937 365 3013 batam
390 2944 496 3014 oculis
520 2940 744 3013 effinxerunt:
776 2958 812 3013 ut
838 2939 959 3012 scilicet
987 2965 1047 3033 per
1072 2939 1128 3010 has
1158 2937 1257 3035 figu-

245 3041 348 3108 randi
373 3039 534 3124 rationes,
559 3036 701 3111 sortunae
725 3037 972 3110 inconstantiam
1001 3035 1182 3129 expressam
1205 3034 1257 3106 os·

245 3140 438 3209 tenderent.
481 3136 523 3206 Et
548 3134 648 3227 pauld
667 3132 823 3215 salerius,
840 3138 1054 3210 Mercurium
1070 3132 1154 3205 verd
1176 3150 1255 3202 tan-

245 3256 355 3322 quam
382 3236 517 3306 tationis
541 3236 716 3307 dominum
740 3235 777 3308 &
807 3237 927 3305 attium
950 3234 1103 3314 omnium
1128 3227 1256 3299 autho·

245 3353 348 3400 rem:
372 3329 479 3421 aspice
503 3328 635 3413 rursus,
655 3346 690 3399 ut
714 3330 793 3412 alla,
816 3328 918 3423 qu'am
941 3328 1110 3400 fortunam
1141 3322 1257 3418 effigio

245 3420 463 3500 decorarunt.
514 3428 605 3497 Nam
638 3426 767 3518 juvenis
795 3427 841 3497 ell
869 3419 1056 3507 formosus,
1081 3446 1144 3495 nec
1167 3418 1257 3515 ejus·

243 3526 371 3604 modi,
402 3544 439 3597 ut
466 3524 616 3597 suca'tutn
647 3521 825 3616 quicquam
854 3524 890 3594 in
922 3546 965 3593 eo
991 3542 1047 3594 aut
1076 3539 1255 3612 comptum

245 3623 500 3714 deprehendas:
524 3620 578 3691 sed
600 3622 634 3690 in
649 3621 744 3714 cujus
766 3621 875 3692 forma
893 3620 995 3691 animi
1015 3620 1152 3691 virtutes
1171 3640 1253 3709 pro·

243 3726 341 3799 cinos
366 3722 526 3793 eluceant.
565 3715 622 3789 Est
644 3721 734 3788 enim
758 3716 853 3788 hilari
879 3718 995 3799 vultu,
1015 3715 1150 3806 fatribus
1173 3720 1256 3789 octi-
1354 3796 1357 3803 A

245 3820 315 3896 lis,
345 3816 412 3889 bafi
444 3814 591 3887 innititur
606 3840 628 3883 -·..
646 3812 692 3885 stc
716 3815 864 3907 undique
888 3812 1070 3909 figuratae,
1100 3831 1137 3886 ut
1167 3836 1280 3905 qua·¹

244 3916 401 3993 dranus,
422 3910 477 3986 seu
498 3910 647 3983 tesseram
666 3910 806 3993 reserat,
829 3935 892 4002 qua
909 3908 1056 3988 maxime
1073 3909 1183 4005 figura
1202 3930 1256 3980 tes
1351 3985 1353 3992 ,

244 4013 320 4117 ipsa
344 4010 465 4093 stabilis
486 4033 525 4089 ac
549 4006 734 4085 immobilis
753 4008 901 4151 redditur
919 4009 987 4086 &u
1206 4100 1255 4172 Ut
