3175 4825
349 317 563 386 Arcturi
592 317 813 389 Euentu.
837 317 1090 390 CXXXVII.
1155 317 1234 406 267

224 436 425 516 Novium&
447 445 593 526 Jnannes
619 443 758 516 Mallara
781 439 1002 534 Hispaleniis,
1020 439 1239 536 meus·Pyla·

223 537 309 620 des,
333 559 402 611 tam
418 539 591 632 ingeniosb
609 542 645 612 in
667 541 845 612 duodecim
868 559 979 612 cantus
1000 537 1161 612 Herculis
1180 538 1256 608 Ἰν

222 629 335 709 bores
365 637 518 732 digellit,
543 637 646 730 idque
671 636 823 729 Hispana
850 636 983 731 lingua,
1013 654 1049 707 ut
1077 633 1158 706 nihil
1189 632 1239 705 ibi

222 731 343 806 deeffe
358 737 493 819 credas,
510 739 602 830 quod
624 737 666 806 ad
687 735 908 806 eruditionem
927 734 964 804 dt
986 733 1136 825 leporem
1160 729 1239 823 spe-

222 831 309 899 ἂεῐ.
352 831 502 905 Labores
522 831 703 912 Herculis,
727 835 768 902 ad
793 853 878 923 quos
904 830 939 898 in
970 827 1036 902 hoc
1063 831 1240 924 epigram-

223 947 321 996 mate
337 925 376 998 fit
390 929 523 1010 alluiio,
538 931 605 1004 hnc
621 931 737 1002 ordine
751 928 935 1000 habentur:
957 929 1087 999 Primus
1104 927 1238 1014 eil'Len

226 1024 420 1107 Nemaeus,
437 1027 497 1121 qui
516 1027 720 1100 fortitudinis
743 1047 863 1123 typum
881 1026 986 1118 gerit:
1013 1023 1103 1096 hunc
1117 1018 1239 1096 'tamen

227 1119 362 1213 superat
382 1127 574 1215 prudentia:
591 1126 668 1220 quia
685 1173 698 1208 ,
714 1142 751 1195 ut
776 1123 820 1195 ait
844 1121 1029 1203 Sallustius,
1049 1123 1133 1193 Non
1155 1120 1241 1193 viri-

228 1215 314 1300 bus,
330 1240 390 1292 aut
405 1222 581 1295 velocitate
597 1222 746 1314 corporis
766 1243 818 1293 res
834 1241 966 1312 magne
983 1236 1168 1314 geruntur,
1183 1215 1241 1289 sed

228 1314 398 1398 eoniilio,
422 1319 645 1400 authoritate,
673 1317 858 1408 prudentia.
901 1317 1094 1399 Secundus,
1117 1313 1240 1411 Hydra

227 1412 401 1497 Lernaea,
416 1414 584 1509 aptiffimb
606 1413 788 1503 sophisticis
807 1414 946 1510 argutiis
969 1415 1160 1500 affimilata,
1185 1413 1242 1486 rui

226 1528 291 1594 tot,
302 1535 378 1583 uno
395 1535 579 1606 amputato,
592 1512 797 1603 pullulabant
814 1513 928 1603 capita.
946 1513 1053 1603 Quod
1067 1511 1240 1605 sumptum

226 1606 293 1681 fuit
310 1634 359 1680 ex
378 1612 516 1684 Platone
534 1612 568 1682 in
582 1611 807 1707 Euthydrmo,
822 1608 899 1680 cum
917 1611 986 1688 ait,
996 1608 1146 1682 Hercule
1167 1611 1240 1702 qui-

230 1709 308 1776 dem
335 1709 446 1782 multo
463 1706 536 1782 sunt
559 1706 778 1787 imbecillior,
797 1706 854 1798 qui
880 1731 927 1798 pu
955 1728 1030 1776 nare
1052 1703 1147 1778 simul
1172 1729 1241 1778 non

233 1805 336 1875 valuit
351 1804 504 1878 adversus
519 1805 676 1901 Hydram
698 1803 908 1896 sophisticam
924 1727 1005 1891 frui
1026 1822 1164 1895 propter
1182 1799 1239 1874 sa·

233 1899 395 1989 pientiam
420 1925 484 1994 pro
511 1927 581 1974 uno
605 1901 764 1973 sermonis
794 1900 903 1992 capite
933 1917 1105 1989 amputato
1137 1901 1241 1970 multa

234 1998 505 2097 repullulabunt)
527 2027 565 2073 ac
583 1986 682 2071 inam
699 1996 851 2071 adversus
876 1999 1046 2072 Cancrum
1063 1993 1241 2086 sophistam

232 2098 474 2183 quendam·ett
494 2098 578 2171 mati
595 2086 828 2172 tidventantem
853 2094 918 2170 &e
961 2095 1054 2168 Vide
1080 2094 1240 2166 Provetb.
1386 2160 1387 2181 y

232 2193 399 2265 Hercules
415 2195 569 2284 adversus
584 2198 676 2281 duos.
704 2193 861 2286 Hydram
875 2192 1006 2285 putavit
1018 2189 1171 2265 Erasmus
1189 2193 1241 2262 in·

235 2291 333 2361 vidiae
351 2291 475 2362 referre
490 2290 699 2388 symbolum,
712 2287 848 2363 Horatii
862 2295 1019 2386 deceptus
1032 2289 1243 2377 testimonio,

236 2383 315 2458 titm
330 2388 413 2460 nilril
427 2389 536 2463 mittite
546 2389 615 2461 illic
627 2391 772 2466 intendat
782 2385 955 2463 Horatius.
982 2387 1072 2461 Vide
1086 2389 1240 2483 proverb.
1388 2403 1390 2406 ’

236 2486 391 2557 Ησαιὶά
413 2487 555 2559 labores.
585 2488 723 2563 Tettius
756 2483 849 2555 labor
879 2488 970 2565 fuit,
1001 2486 1252 2585 Erimanthaeus¹

236 2605 334 2673 aper,
348 2582 469 2655 littoris
482 2583 633 2667 &rabiei
652 2582 827 2657 emblema.
847 2585 1021 2672 Quartus,
1042 2608 1139 2656 cerva
1156 2588 1241 2654 ae'ri-

235 2702 310 2768 pes,
329 2681 365 2750 id
381 2679 448 2768 eil,
469 2680 671 2754 veloeiffima
691 2683 723 2778 ip
739 2696 855 2750 monte
872 2679 1040 2758 Manain,
1055 2682 1241 2773 quae‚·.quia

183 2801 184 2808 ¹
235 2775 394 2850 cornibus
408 2779 516 2851 aureis
531 2798 598 2850 erat
616 2776 770 2872 insignis,
793 2774 987 2847 divitiarum
1001 2775 1048 2847 est
1063 2775 1242 2863 emblema.

236 2870 337 2946 Hanc
361 2867 643 2965 cursu'luperavit
671 2872 848 2947 Hercules.
884 2874 966 2943 Sunt
984 2892 1094 2947 tamen
1112 2876 1243 2969 quidi-

236 2990 309 3042 cant
336 2968 449 3062 inepte
470 2969 589 3043 fidium
606 2972 628 3064 ir
652 2974 760 3066 politis
780 2994 894 3043 cervas
917 2996 1014 3055 aurea
1037 2996 1160 3045 cornua
1185 2970 1244 3043 ha·

235 3066 337 3147 bere,
352 3066 432 3139 rbm
451 3073 592 3139 omnino
613 3071 770 3143 cornibus
793 3089 932 3140 careant.
962 3072 1027 3140 Sed
1045 3088 1160 3140 contra
1182 3068 1244 3143 hos

233 3165 378 3259 disputat
403 3164 528 3240 caettus
544 3166 769 3267 Rhodi-girus.
809 3166 979 3261 Quintus,
995 3166 1244 3265 Stymphalides

235 3266 408 3344 volucres,
424 3285 498 3356 quae
523 3264 690 3337 avaritiam
709 3268 879 3354 referunt,
904 3266 1188 3359 quemadmodum
1207 3264 1245 3339 &

237 3358 401 3455 Harpyiae
420 3363 506 3451 apud
530 3362 738 3459 Virgilium,
764 3365 1077 3457 propterincurvns
1102 3383 1244 3457 ungues.

237 3458 377 3539 Sextus,
389 3456 675 3557 Baitheus,queni
692 3460 922 3535 Amazonibus
939 3458 1077 3530 abstulit.
1106 3462 1244 3539 Solvere

232 3579 378 3631 zonam,
397 3558 488 3628 idem
503 3556 571 3639 est,
588 3560 681 3652 quod
697 3558 923 3650 devirginate.
945 3556 1151 3649 ·Septimu8,
1169 3562 1244 3629 nu-

233 3655 302 3749 giae
320 3652 487 3727 stabulum
508 3676 740 3752 repurgatum.
764 3655 861 3727 Nihil
876 3653 924 3723 eii
943 3653 1031 3723 enim
1052 3673 1118 3727 tam
1138 3654 1245 3727 sordi·

236 3754 337 3833 dum,
354 3755 445 3847 quod
462 3778 530 3823 non
544 3754 733 3847 eloquentia
748 3752 931 3825 excolatur.
959 3752 1132 3839 ortanus,
1146 3754 1242 3825 Tau·

235 3873 307 3930 rus,
323 3872 425 3944 quem
446 3850 465 3923 ὲ
484 3851 586 3925 Creta
601 3853 739 3945 expulit.
776 3849 913 3921 Taurus
930 3864 1041 3923 autem
1063 3853 1147 3924 inire
1163 3850 1245 3921 solet

223 3945 271 4024 dt
294 3967 440 4023 matrem
465 3946 682 4023 &interest
716 3970 818 4051 quate
844 3949 989 4034 addidit,
1017 3950 1149 4023 illicitos
1174 3948 1246 4055 odit
1290 4002 1293 4019 .
1357 3946 1360 3950 ’

266 4099 270 4105 .
1164 4067 1240 4113 COl·
