3175 4825
314 403 367 459 ro
524 389 817 463 Concursus.
858 403 914 459 rit
951 391 1114 463 Auos:

316 504 351 574 in
367 504 432 578 hoc
448 532 549 601 opere
564 512 597 582 se
621 510 715 583 nobis
735 509 1023 590 offertMinerva,
1050 511 1152 585 semel
1175 508 1312 582 dixisset
1335 567 1339 574 .

315 602 397 694 quid
416 605 487 678 baec
510 607 618 681 sabula
637 607 806 702 significet.
846 609 948 681 Nulla
970 609 1060 681 enim
1083 629 1150 683 tam
1167 608 1241 679 vilis
1264 607 1314 676 fa·

315 695 394 772 bula
417 702 487 784 esi,
518 728 561 775 ex
588 730 650 798 qua
680 705 771 779 Plato
794 727 863 775 non
888 705 1018 788 eliciat,
1043 725 1097 780 aut
1128 705 1312 796 astrologia

315 795 500 890 mysteria,
522 819 578 872 aut
603 803 744 875 adtvitae
770 805 949 874 commoda
973 821 1136 898 praecepta
1166 800 1313 872 salubria.

315 890 471 967 Minerva
499 899 620 992 igitur,
647 898 713 972 slve
742 901 862 982 Pallas,
887 897 932 969 esl
961 903 1078 973 artium
1102 898 1254 972 omnium
1274 892 1311 969 δῖ

315 985 481 1062 bellorum
492 998 577 1068 Dea.
617 995 771 1070 Artes&
792 996 1133 1090 ingenuae‘disciplinae
1155 1019 1197 1066 ex
1220 1015 1313 1063 cere·

315 1082 399 1169 bro,
426 1114 488 1163 ceu
518 1094 623 1184 capite
655 1092 769 1173 Jovis,
793 1095 827 1165 id
857 1091 925 1170 est,
950 1094 1019 1164 Dei
1044 1095 1111 1182 Op.
1136 1093 1231 1188 Max.
1258 1086 1312 1161 sa-

314 1185 438 1274 pientia
462 1191 671 1280 proveniunt.
710 1190 840 1260 Scimus
866 1190 1053 1260 etenimex
1077 1187 1175 1262 sacris
1194 1185 1313 1264 literis,

316 1305 417 1354 omne
442 1290 554 1358 datum
574 1287 759 1377 optimum,
782 1287 819 1362 δι
840 1309 941 1357 omne
965 1291 1090 1359 donum
1112 1285 1130 1358 a
1154 1303 1243 1377 patre
1261 1283 1315 1354 lu·

314 1383 445 1453 minum
471 1382 672 1454 descendere.
710 1382 824 1454 Securi
851 1401 948 1475 caput
972 1385 1066 1466 Jovis
1091 1383 1192 1475 aperit
1218 1379 1313 1452 Vul·
1422 1447 1424 1454 ,

314 1503 437 1560 canus,
463 1501 498 1576 ut
523 1481 679 1550 Minerva
703 1477 860 1552 nascatur.
914 1481 1008 1570 Quid
1034 1480 1098 1552 hoc
1123 1477 1211 1550 aliud
1242 1474 1313 1558 esi,

315 1574 415 1668 quam
438 1577 566 1668 impetu
590 1579 753 1668 quodam,
771 1571 978 1669 quadamque
1001 1577 1110 1653 tutta,
1128 1576 1162 1649 dt
1182 1573 1313 1648 summo
1424 1647 1425 1656 χ

221 1719 225 1728 -
315 1671 439 1766 ingenii
463 1693 584 1744 conatu
604 1694 707 1743 artem
724 1677 857 1744 tandem
880 1675 1051 1767 conquiri?
1080 1675 1197 1744 Nemo
1222 1670 1312 1740 enim
1420 1671 1425 1762 J

314 1794 461 1863 unquam
482 1772 600 1841 artium
622 1770 752 1862 apicem
774 1769 1011 1862 consequetur,
1034 1769 1058 1840 st
1081 1768 1169 1860 prilrs
1191 1789 1257 1836 non
1280 1762 1312 1835 se
1419 1767 1425 1852 f

229 1944 233 1951 ¹
315 1867 469 1962 vigiliis,
488 1866 673 1938 sudoribus
708 1866 745 1938 ὅ(
776 1867 944 1960 algoribus
978 1867 1173 1939 exercuerit.
1215 1863 1313 1934 Unde
1418 1855 1425 1939 j³

315 1963 400 2034 milti
434 1963 547 2057 potilts
580 1966 711 2036 videtur
738 1962 821 2034 dieta
854 1967 1037 2044 Minerva,
1072 1961 1162 2055 qubd
1186 1962 1314 2032 minuat

315 2083 463 2140 nervos,
495 2059 595 2154 qu‘am
625 2059 765 2130 aliunde.
816 2062 880 2130 Sed
905 2062 983 2152 quid
1011 2058 1084 2142 esl,
1106 2059 1196 2153 quod
1225 2057 1314 2128 addit
1419 2067 1426 2122 f

315 2158 492 2236 Pindarus,
511 2157 631 2228 calum
644 2153 681 2228 dt
695 2174 814 2227 terram
838 2158 981 2227 clamore
999 2158 1165 2229 Minervas
1186 2171 1316 2225 contre·

313 2250 451 2327 mutiret
490 2253 586 2323 Nihil
606 2253 698 2324 aliud
722 2250 784 2322 elle
810 2276 909 2335 reor,
935 2251 1036 2345 quittn
1070 2253 1211 2332 caelum,
1240 2258 1314 2320 tei·
1418 2246 1426 2318 .·ἶ

314 2373 407 2432 ram,
429 2349 555 2432 stellas,
579 2372 690 2425 mare,
710 2351 825 2421 cundia
850 2351 991 2443 denique
1016 2347 1168 2463 sapientia
1190 2345 1315 2443 guber·

315 2449 393 2519 nari.
438 2452 492 2520 Ad
517 2450 611 2540 cujus
633 2447 813 2536 imperium
833 2465 929 2539 atque
954 2465 1071 2519 nutum
1098 2448 1209 2518 omnia
1232 2469 1315 2516 mo·
1417 2444 1427 2489 'l

315 2566 475 2623 veantur,
500 2565 598 2634 atque
626 2544 887 2615 contremiscant.
928 2544 1024 2637 Quid
1051 2550 1182 2617 tandem
1207 2540 1314 2613 innuit

315 2641 442 2713 clamor
465 2639 519 2712 ille
544 2644 709 2714 Minerva:
733 2664 849 2711 recens
872 2640 977 2711 natae?
1003 2639 1184 2723 iustitiam,
1207 2638 1315 2725 requi·
1417 2670 1427 2689 ’-

315 2754 437 2820 tatem,
460 2740 553 2833 jura,
578 2742 689 2833 leges,
711 2733 901 2810 societatem
921 2738 1053 2809 humani
1073 2738 1224 2828 generis,
1246 2733 1315 2802 vir·
1424 2746 1427 2825 ξ

314 2852 425 2908 tutum
451 2838 610 2929 premia,
631 2833 790 2913 scelerum
816 2833 1032 2924 punitionem.
1074 2829 1180 2903 Redle
1202 2830 1314 2919 itaque

313 2947 380 3002 tam
408 2937 499 3024 piutn
525 2935 706 3004 clamorem
733 2930 851 2999 caelum
876 2931 910 3001 δι
931 2948 1015 2999 terra
1032 2928 1148 2998 timent
1167 2927 1202 3001 dt
1222 2948 1319 2998 reve·
1418 2932 1427 3019 ἢ

315 3050 438 3102 rentur.
492 3031 557 3099 Sed
589 3024 745 3120 quoniam
774 3023 811 3097 &
836 3021 1001 3096 bellorum
1027 3022 1145 3116 praeses
1167 3021 1241 3121 esi,¹
1264 3023 1319 3093 vi·
1426 3068 1427 3079 .

314 3113 451 3198 deamus
473 3122 601 3206 rursus,
626 3147 666 3193 an
688 3119 759 3191 ltaec
783 3122 1047 3215 prediximus,
1077 3124 1111 3189 in
1139 3117 1337 3208 disciplinis'
1411 3142 1417 3161 ⁸·

313 3220 441 3294 bellicis
465 3225 564 3293 etiam
589 3219 708 3312 poffint
734 3218 885 3309 adaptari.
925 3214 982 3287 Est
1007 3219 1068 3289 dea
1093 3215 1171 3288 belli
1194 3215 1321 3297 Pallas,
1417 3222 1422 3267 ἲ

313 3318 502 3414 hastamque
528 3318 659 3391 vibrans
682 3311 880 3411 effingitur:
909 3333 1082 3407 propterea
1105 3310 1195 3406 qubd
1219 3310 1265 3378 illi
1283 3306 1318 3381 se
1417 3394 1419 3401 y

312 3415 348 3485 in
374 3414 499 3487 bellicis
524 3414 680 3508 operibus
703 3430 825 3505 gerunt
853 3408 982 3483 strenue
1007 3411 1062 3503 qui
1090 3408 1192 3479 bonas
1219 3404 1318 3475 disci·
1415 3410 1421 3431 ¹

312 3512 417 3605 plinas
445 3536 522 3585 cum
548 3532 616 3583 arte
642 3508 759 3583 bellica
786 3509 1042 3600 conjunxerunt.
1090 3507 1230 3600 Vixque
1261 3525 1319 3571 re·
1413 3508 1423 3582 ’ζ

312 3608 419 3701 perias
442 3610 474 3679 itt
498 3632 535 3678 re
554 3608 686 3695 militari
711 3607 831 3676 ducem
858 3606 1039 3700 insignem,
1062 3603 1119 3695 qui
1140 3626 1207 3672 non
1228 3599 1319 3669 idem

313 3704 441 3777 summa
466 3705 640 3798 prudentia
662 3702 700 3774 stt
720 3704 886 3794 praeditus.
931 3697 1085 3771 Nascitur
1108 3722 1151 3771 ex
1178 3692 1320 3768 cerebro
1424 3714 1427 3754 τ

203 3866 209 3877 .
313 3794 423 3882 lovis:
450 3802 525 3894 quia
545 3795 632 3870 =belli
659 3799 858 3893 gubernatio
885 3824 928 3871 ex
949 3798 1030 3867 Deo
1056 3793 1121 3877 est,
1147 3814 1184 3867 ut
1212 3794 1320 3883 inquit
1425 3818 1427 3849 t

312 3899 498 3971 Homerus.
542 3900 607 3967 Sed
622 3899 768 3968 militaris
788 3921 838 3968 ars
853 3894 913 3967 usu
928 3891 964 3965 dt
979 3893 1215 3963 exercitatione
1235 3912 1322 3957 con·
1419 3902 1427 3947 t

311 3996 381 4067 liat.
422 3998 635 4089 Quapropter
670 3986 838 4070 Vulcanus
863 3991 968 4065 securi
995 4008 1092 4082 caput
1122 3986 1217 4060 findit
1250 3986 1321 4095 Jo-
1424 4002 1427 4039 :

1243 4100 1320 4156 vis:
