3175 4825
309 423 311 428 -
361 316 839 453 nnrnnrruhnnnn‘.
871 346 1031 455 CXCV.
1123 393 1196 473 351

262 485 484 585 Herennianus,
508 502 563 598 qui
588 502 684 575 nobis
713 506 857 575 indicare
882 506 989 577 noluit
1008 526 1109 596 quare
1131 497 1199 573 tes·
1232 508 1236 514 ’
1376 497 1377 560 3

261 596 370 667 tudinem
389 600 509 671 calcaret·
536 601 664 675 Venus.
706 603 824 691 Quare
844 602 1067 675 Plutarchum
1092 604 1197 673 adea-

256 692 365 780 mus‚i
389 722 438 793 quo
462 694 631 789 sumptum
658 698 829 773 emblema
859 697 915 767 eil.
969 699 1003 769 Is
1032 698 1135 792 igitur
1161 697 1198 767 iu

249 792 381 889 praereptis
404 796 628 868 connubialidus
655 794 787 877 refert,
826 792 977 867 Phidiam
1013 796 1198 868 Etienstbus

252 885 382 959 Venerem
402 892 435 963 ita
454 890 598 973 diuninse,
623 911 659 963 ut
683 891 882 965 testudinem
909 893 1068 973 calcaret,
1097 890 1198 965 tacite

248 981 410 1077 significans,
433 990 590 1063 uxoribus
616 993 708 1060 domi
737 991 942 1061 manendum
972 987 1065 1066 elle,
1093 988 1198 1060 sulen·
1294 1054 1297 1058 ,

247 1081 370 1177 dtlmque.
404 1085 480 1160 Vide
514 1086 720 1177 proverbia,
753 1090 881 1159 Domus
907 1089 1021 1159 amica.
1070 1088 1199 1159 Domus

242 1185 344 1277 optimu.
365 1182 436 1261 ¹Et,
459 1188 609 1281 Spartam
640 1184 756 1256 nadlus
788 1210 844 1266 es,
875 1185 958 1255 lanne
988 1198 1079 1255 orne.
1113 1184 1201 1265 Et,

238 1280 381 1351 Mulierem
399 1303 480 1352 ornat
496 1279 674 1377 fidentium.
707 1282 846 1355 Titulus
867 1277 1076 1371 emblematis
1098 1280 1200 1351 verba
1330 1366 1339 1373 .

224 1374 294 1447 ‘sunt
313 1377 474 1471 Euripidis,
500 1399 539 1453 ut
570 1380 705 1452 rellatur
729 1378 892 1473 [Alciatus
918 1381 955 1452 in
975 1381 1028 1453 lib.
1051 1378 1091 1451 de
1111 1376 1200 1452 verb.

223 1468 323 1569 stetit
977 1549 994 1567 ,

241 1650 1174 1745 nunuuourssrnrunm

359 1822 733 1904 Eunaeun
808 1817 1052 1905 CXCVL

253 1982 401 2080 Penelope
423 1983 574 2083 desponsa
594 1984 690 2083 sequi
716 1986 865 2079 cupiebat
888 1981 1052 2082 (Mem,

299 2082 349 2154 Ni
370 2081 469 2165 secum
494 2082 621 2154 Icarius
648 2082 758 2153 mallet
788 2084 905 2155 laudere
928 2101 1035 2180 puter.

247 2179 314 2270 Ille
327 2180 465 2253 Ithacum
477 2223 488 2262 ,
501 2180 554 2251 hie
570 2176 668 2273 offert
685 2182 835 2277 Sparten.
856 2202 963 2253 munet
977 2180 1076 2251 anxia
1093 2177 1204 2276 virgo.¹

275 2276 381 2353 ,Hinc
401 2299 517 2373 puter,
541 2279 617 2349 inde
642 2275 708 2348 ulra·
733 2300 864 2351 mutuus
893 2297 991 2375 terget
1017 2302 1129 2361 amur,

240 2376 335 2470 Ergo
349 2373 468 2462 sedens
493 2374 583 2447 velat
609 2375 742 2451 vultus,
767 2376 899 2448 obnubit
925 2376 1051 2449 ocellos.

286 2468 353 2566 Ista
378 2475 554 2545 verecundi
568 2467 666 2568 signa
689 2476 827 2568 pudoris
851 2494 955 2544 erant.

232 2566 344 2661 Queis
362 2566 430 2662 fier·
452 2572 625 2666 praedatum
652 2569 781 2641 Icarius
808 2569 962 2665 cognovit
990 2563 1160 2662 Ulyffem

279 2662 423 2760 Ho'cqeae
447 2667 585 2766 pudoris
611 2689 703 2738 mam
719 2665 882 2753 schemate
905 2660 1077 2758 ampliauit.
1126 2670 1134 2717 ἶ
1217 2742 1221 2750 ,

217 2838 420 2937 Ἧιῃρωηι
453 2865 496 2914 ex
529 2839 746 2924 Pausaniam
777 2841 977 2924 Laconicis,
1006 2841 1102 2935 cujus
1133 2841 1207 2917 hee

216 2921 335 3016 lsunt
363 2935 497 3014 verba:
529 2937 679 3012 Abella
715 2943 828 3032 Sparta
855 2938 953 3011 stadia
985 2939 1116 3012 circiter
1147 2942 1207 3013 tri·

216 3054 285 3121 nra,
317 3037 475 3110 Pudoris
501 3033 748 3108 simulachrum.
790 3035 886 3111 Icarii
906 3041 1046 3111 domum
1065 3038 1129 3110 elle
1153 3039 1208 3109 fe-

215 3153 264 3214 st,
292 3137 333 3211 δι
362 3135 458 3204 hanc
486 3134 650 3205 celebrant
680 3133 899 3208 dedicationis
925 3132 1066 3209 eausam·
1115 3135 1210 3210 Cium

215 3233 299 3304 rius
345 3230 469 3328 Ulyffi
504 3232 695 3323 Penelopen
729 3230 832 3304 filiam
867 3249 1009 3324 nuptum
1047 3231 1211 3311 dedillet,

215 3329 289 3400 rffis
318 3329 492 3402 animum
518 3330 676 3409 tentavit,
702 3330 853 3423 nunquid
872 3331 1117 3402 Lacedaemone
1144 3333 1209 3423 do·

214 3426 338 3500 ¹ilium
360 3424 502 3497 habere
524 3426 634 3498 vellet.
676 3425 766 3516 Quae
790 3425 861 3518 spes
885 3425 1209 3500 ubihominemde·
1244 3476 1247 3480 -

215 3542 257 3603 r,
290 3522 421 3598 filiam
444 3537 547 3594 'orare
569 3520 695 3613 coepit,
717 3545 759 3592 ne
785 3521 819 3596 se
843 3523 1029 3605 desereret,
1051 3539 1149 3618 atque
1172 3542 1212 3597 ut
1359 3585 1369 3593 .

214 3644 266 3691 rm
299 3635 558 3714 permaneret.
607 3619 703 3710 Quin
729 3616 939 3706 &Ithacam
968 3621 1033 3712 jam
1060 3621 1210 3712 proficis·

215 3743 288 3788 em
326 3721 372 3788 ln
409 3742 523 3792 curru
549 3715 798 3810 prosequutus,
819 3718 934 3791 multis
960 3743 1034 3790 eam
1056 3717 1211 3791 sollicita·

214 3815 444 3907 precibus.
487 3811 618 3911 Uiplles
637 3814 771 3884 tandem
792 3817 899 3890 vidlus
915 3815 1064 3892 hominis
1084 3817 1211 3907 impor·
1316 3811 1323 3824 ”

215 3931 321 3999 ate,
353 3913 502 4008 puellae
531 3913 704 4006 optionem
732 3913 844 3984 dedite
871 3916 924 3984 vel
945 3913 976 3983 se
996 3931 1033 3986 ut
1058 3912 1211 4004 sequere·

252 4009 290 4086 fi
327 4013 381 4086 id
421 4011 568 4101 mallet:
603 4000 659 4090 vel
680 4001 765 4084 ¹e'utu
798 4032 891 4107 patre
927 4011 1212 4180 Lacedaemrpnentn¹
1249 4059 1253 4062 -

995 4167 1000 4175 .
1076 4129 1113 4178 ee
1137 4129 1184 4176 tre
