3175 4825
421 450 427 453 .
545 378 795 455 Moron
1069 362 1144 468 ῂὶ

263 520 308 577 tes
327 498 494 574 simillimae
516 502 672 573 omniurn
693 496 806 571 essent.
845 490 903 567 Eli
919 489 1148 571 &consensus
1182 500 1253 565 Plu:

265 627 304 674 eo
329 600 519 672 mortalium
543 599 662 673 orbem
692 594 956 687 appellantium,
979 591 1087 686 ipsum
1115 593 1149 663 in
1159 581 1206 645 ¹³¹⁷·
1221 600 1249 651 't'

261 700 341 769 clem
355 688 494 769 atisoturi
510 696 602 771 orbis
617 695 681 768 else
700 690 955 786 conglobatum.
994 688 1148 769 Absurde
1245 690 1251 711 '

260 793 677 889 rper‚nilicoelum1ellet
702 788 1039 881 rotundumqmulta
1067 810 1147 857 con·

258 910 381 989 gerent,
405 910 443 963 ut
472 914 515 964 ex
537 891 589 964 his
611 890 729 989 figuris
750 885 863 957 licebit
883 884 1017 956 elicere.
1054 883 1148 955 Nam

260 1012 397 1063 vacuum
424 989 576 1061 daretur:
608 988 785 1080 &alique
810 979 891 1055 coeli
913 1000 1022 1075 partes
1046 977 1147 1053 essent
1173 1025 1177 1031 ·

257 1104 313 1161 tro
334 1087 596 1181 propinquiores.
1145 1120 1148 1126 ·

515 1265 580 1348 De
608 1285 712 1349 motu
741 1266 838 1372 ejus.

254 1418 380 1491 llotum
405 1440 489 1491 vero
514 1418 560 1491 illi
588 1420 678 1494 dedit
706 1446 811 1505 eum,
841 1425 898 1516 qui
923 1421 1146 1521 liguraeejus
1178 1436 1268 1496 ciem

253 1533 273 1586 et
297 1516 500 1605 aptissimus,
522 1518 647 1612 quique
669 1543 755 1592 unus
779 1544 822 1593 ex
847 1522 973 1613 septem
995 1516 1188 1595 motibuslt
1203 1518 1265 1580 “⁹¹³²

254 1631 343 1685 ntem
367 1632 466 1708 atquc
488 1616 744 1713 intelligentiam
780 1616 955 1690 cohiberet
986 1617 1143 1693 maxims.
1157 1596 1228 1673 Μ·

250 1735 313 1805 que
337 1735 402 1783 una
423 1710 640 1787 conversione
664 1733 763 1808 atque
786 1718 905 1787 eadem
926 1716 993 1808 ipse
1016 1720 1146 1789 circum
1178 1730 1184 1735 ’

257 1827 430 1901 torquetur
462 1808 500 1883 δι
524 1812 674 1885 verritur.
721 1813 764 1883 Id
791 1816 882 1905 quod
912 1809 1057 1885 maxime
1085 1816 1144 1883 de·

249 1924 318 1976 rant
342 1904 441 1978 ssellae
467 1931 541 1998 quae
570 1907 695 1981 circum
728 1909 846 2002 polum
872 1910 1025 1984 seruntur
1054 1934 1147 2003 nun·

248 2028 294 2075 rm
323 2003 537 2089 occidentes,
558 2010 690 2099 quasin
716 2006 839 2082 orbem
860 2010 1009 2105 torqueri
1032 2005 1146 2101 singu·

258 2102 412 2174 nostibus
441 2104 619 2177 cernimus.

289 2281 355 2363 De
389 2280 580 2382 Zodiaco,
613 2278 667 2369 θ
693 2256 890 2371 duodecim
913 2286 1046 2401 fignis.

252 2447 353 2518 Idera
368 2463 434 2517 ram
450 2447 578 2517 mundo
601 2441 782 2524 hacrentia,
804 2471 903 2539 quam
929 2445 983 2519 illa
998 2447 1147 2538 septem,

245 2551 248 2588 l
273 2570 350 2636 quae
373 2541 454 2614 falso
480 2545 634 2614 dicuntur
650 2543 809 2627 errantia,
834 2547 867 2614 in
888 2547 1086 2615 contrariam
1101 2548 1150 2617 la·

245 2643 319 2712 ntur
346 2640 448 2733 primi
476 2635 612 2711 mobilis
637 2638 917 2736 conversionem:
948 2640 1006 2710 sed
1031 2664 1148 2712 erran·

262 2740 348 2809 intra
372 2736 499 2830 cinguli
522 2733 694 2829 cujusdam
719 2754 823 2808 metas
845 2737 1066 2826 expatiantur,
1087 2736 1146 2831 qui

245 2837 327 2906 *aecis
352 2837 537 2916 lodiucus,
560 2833 686 2905 Latinis
713 2831 857 2930 Signifer
882 2833 1074 2924 appellatur.

245 2931 359 3025 Hujus
383 2929 530 3026 signiferi
554 2931 705 3002 medium
730 2934 835 3026 (nam
861 2929 1041 3003 duodecim
1069 2907 1233 3028 gra-“⁴³⁸¹

245 3033 311 3100 sin
338 3031 441 3102 latum
469 3030 587 3121 patet)
611 3026 703 3100 orbis
727 3032 886 3122 quidam,
906 3053 982 3123 quae
1000 3025 1066 3100 sola
1092 3030 1146 3100 via

245 3128 278 3199 lis
308 3125 383 3205 cll,
403 3123 517 3205 secat,
547 3149 650 3218 quem
686 3127 835 3200 Solarem
872 3127 1058 3209 circulum,
1088 3123 1146 3199 seu

245 3223 393 3318 lipticam
422 3219 565 3296 solemus
589 3225 770 3298 nominare.
812 3222 948 3316 Reliqui
972 3219 1054 3296 veri)
1077 3221 1145 3317 pla·
1167 3235 1275 3318 calipti-j

248 3347 277 3392 ae
304 3345 394 3393 nunc
418 3319 484 3394 huc
509 3343 597 3393 nunc
621 3323 699 3393 illuc
724 3320 837 3412 (intra
861 3340 974 3393 tamen
1002 3319 1200 3401 zodiactea,

245 3421 432 3511 tudinem)
456 3417 533 3492 suos
560 3417 673 3491 cursus
709 3421 902 3491 metiuntur.
953 3419 1029 3498 Jarn
1063 3414 1147 3491 vero

245 3519 366 3589 diacus
388 3512 458 3606 ipse
484 3517 518 3586 in
544 3516 725 3588 duodecim
748 3536 856 3608 partes
883 3511 902 3585 *a
928 3512 1147 3586 Mathemati-

260 3613 485 3686 dilltibuitur:
511 3615 569 3706 qui
583 3613 617 3682 in
631 3638 673 3684 eo
693 3613 848 3707 quasdam
863 3613 1053 3685 animalium
1071 3614 1147 3684 fot·

247 3735 261 3782 s
283 3735 328 3782 ex
351 3708 511 3782 sideribus
530 3708 703 3802 descriptas
721 3714 936 3788 adnotarunt,
949 3734 1023 3802 quae
1038 3712 1147 3784 Zodia
1174 3724 1270 3804 signat

247 3806 340 3892 ece,
360 3805 478 3882 Latine
498 3811 604 3905 Signa
625 3807 842 3880 dissindlionis
865 3807 1143 3904 gratiassnomina-

245 3924 289 3976 rt:
309 3927 361 3978 ea
383 3906 456 3977 sunt
481 3906 645 3980 demetata
659 3904 794 4002 paribus
816 3902 945 4009 spatiis,
965 3927 1064 4001 atque
1080 3905 1146 3974 hoc

245 4005 316 4078 line
345 3999 510 4097 disposita·
1113 4046 1116 4050 <

700 4094 759 4172 Bb
782 4117 811 4194 4
1025 4096 1151 4180 Aries,

1174 2807 1275 2869 lodic-I
1339 2794 1340 2799 ἵ
