3175 4825
346 348 453 502 338⁶
511 397 853 487 *counitum
893 415 952 470 rra
984 383 1165 470 'Aaron'

346 529 458 602 beant.
498 529 584 602 Inde
611 526 681 608 eu,
706 522 799 619 qubd
826 523 952 598 Cicero
975 536 1092 592 monet
1122 520 1169 610 Q.
1184 514 1358 622 Fratrenj

348 646 386 700 ut
411 628 601 700 meminerit
616 626 659 696 ,β
683 626 783 694 etiam
810 619 889 694 culm
912 615 1001 692 redii
1025 621 1161 696 valeat,
1191 614 1225 686 in
1249 613 1361 686 Sardr·

249 727 251 731 ’
320 725 413 810 uria·
434 721 507 794 elle.
557 725 657 795 Idem
688 721 812 795 Cicero
840 720 875 789 in
904 741 938 810 7.
970 714 1091 811 Epr'slo.
1125 709 1361 786 volumine‘ad

347 821 481 892 Gullurn
512 817 656 894 scribent
683 819 725 889 de
751 817 904 910 Tigellio
928 817 1055 896 Sardo,
1078 810 1119 882 ld
1139 834 1198 906 ego
1223 807 1360 900 (inquit)

348 917 384 986 in
409 917 509 990 lucris
529 938 637 1014 pono,
662 939 725 986 non
744 913 839 1005 serre
859 914 1015 984 hominem
1034 906 1279 1004 pestilentiorem
1295 923 1359 1000 po·

349 1016 415 1094 rrr'o
426 1011 502 1099 fita.
537 1017 579 1086 Et
605 1015 637 1084 in
660 1017 777 1082 eadem
802 1010 956 1104 epistola,
982 1007 1095 1080 Habes
1116 1007 1237 1078 Sardos
1257 1025 1361 1074 vena·
1412 1079 1413 1082 Ἴ

349 1107 523 1182 letalium
547 1113 613 1182 alio
634 1108 823 1204 nequiorem.
869 1103 1051 1194 comparat
1077 1101 1176 1174 etiam
1197 1097 1361 1172 Martialis
1412 1105 1413 1188 3

350 1207 532 1282 Sardiniam
550 1208 684 1301 Tybun
699 1206 904 1297 pestilentem
920 1200 1135 1276 saluberrimo
1156 1200 1253 1281 loco,
1272 1191 1336 1266 stc:

400 1305 507 1378 Nullo
529 1303 607 1394 fotu
632 1305 705 1381 loco¹
724 1299 816 1394 poffis
842 1303 1034 1393 excludere:
1064 1296 1136 1390 crlrn
1163 1318 1251 1368 mora

453 1401 616 1475 Venerit:
645 1400 680 1469 in
707 1401 813 1470 medio
839 1397 973 1495 Tydure
1004 1395 1160 1470 Sardinia
1186 1386 1241 1487 ιβ.

350 1500 434 1587 Non
461 1498 554 1568 aliter
578 1493 666 1568 redlb
692 1496 955 1586 interpretabere
978 1491 1163 1565 Horatium
1187 1491 1219 1560 in
1242 1511 1274 1582 3.
1294 1491 1361 1564 Sa·

349 1615 461 1673 tra,
493 1589 568 1664 clun
605 1594 744 1685 inquit,
780 1595 907 1666 Sardus
941 1591 1076 1665 habebor
1107 1589 1163 1660 ille
1193 1586 1363 1682 Tigellius

350 1619 435 1774 iac,
459 1688 517 1761 nist
544 1690 708 1784 intelligas
733 1687 767 1758 in
794 1693 955 1771 nomine,
978 1686 1100 1776 surdus
1115 1727 1129 1764 ι
1146 1683 1258 1758 'risum
1284 1681 1363 1756 sub·

350 1786 448 1859 elle:
484 1812 545 1858 nec
571 1785 687 1861 frullra
715 1809 839 1857 nomen
873 1783 1029 1856 addidiffe
1064 1779 1183 1875 patria,
1212 1783 1362 1874 postam.

211 1889 215 1892 ’
350 1884 438 1956 Non
466 1883 568 1981 longia
596 1882 615 1955 it
641 1883 787 1956 Sardinia
810 1881 855 1954 est
882 1881 1019 1956 Corsica
1048 1878 1171 1960 insula,
1201 1879 1261 1952 ubi
1286 1881 1361 1952 nas·

269 2013 276 2020 ’
338 1983 438 2055 ὀίων
464 1976 628 2069 Musmon
652 1980 772 2054 animal
798 1982 865 2050 noir
895 1977 1043 2051 absrmile
1067 1975 1202 2068 pecori,
1224 1979 1362 2070 caprino

351 2078 461 2160 villo,
491 2079 712 2151 infirmiffimo
740 2076 859 2168 capite.
898 2074 1135 2167 Quamobrem
1164 2073 1314 2149 aversum
1344 2071 1362 2145 ‘a

351 2176 434 2246 Sole
451 2173 537 2262 pasci
557 2175 762 2270 cogendum.
803 2175 857 2250 Ex
879 2173 987 2244 Plinio
1006 2171 1078 2244 haec
1102 2173 1157 2244 lib.
1170 2171 1202 2244 8.
1221 2190 1360 2268 cap.49.
1412 2169 1413 2234 l

351 2271 388 2342 Sl
416 2270 519 2362 igitur
553 2273 674 2344 Sardus
700 2292 822 2361 eques,
856 2272 890 2341 id
915 2269 961 2341 ell
988 2269 1095 2342 malus
1127 2271 1203 2348 vir,
1225 2267 1360 2355 insrdeat
1412 2319 1413 2342 t

347 2365 535 2460 Mul'moni
551 2367 688 2462 pellimo
716 2365 893 2462 jumento,
919 2367 979 2439 erit
1005 2365 1137 2460 depidla
1164 2367 1261 2461 copia
1287 2389 1360 2441 ma·
1412 2418 1413 2421 =

275 2543 280 2554 s
352 2486 420 2559 goa
446 2464 622 2538 malorum.

400 2562 457 2634 Ne
479 2581 567 2655 praes
592 2558 685 2657 ajin)
712 2559 803 2637 Vide
822 2561 931 2657 Adag.
968 2561 1114 2657 SPoude,
1137 2585 1225 2633 norea
1241 2560 1359 2662 praello

351 2652 406 2752 ιβ.
455 2660 572 2742 Parra,
594 2660 661 2732 live
685 2658 824 2750 parrha,
841 2658 968 2731 avicula
990 2658 1037 2729 est
1059 2657 1263 2751 inauspicata.
1304 2662 1360 2733 De

352 2779 418 2847 qua
432 2754 593 2830 Horatius
612 2760 645 2828 in
662 2759 772 2836 odis,
793 2756 914 2852 impios
935 2777 1040 2851 porrae
1060 2757 1235 2831 recinentis
1251 2782 1361 2839 omen,
1412 2772 1413 2777 ’

352 2852 475 2925 Ducat.
526 2856 584 2925 De
610 2858 758 2946 Merope
782 2855 860 2926 vide
893 2854 1036 2927 Plrnium
1063 2853 1116 2925 lib.
1134 2873 1188 2927 10.
1212 2876 1281 2951 cop.
1305 2876 1361 2946 33.
1412 2874 1413 2919 t

352 2944 423 3019 Har
451 2949 587 3023 aviculae
624 2952 726 3023 solent
749 2950 881 3045 religari
908 2949 1026 3031 visco,
1050 2946 1087 3023 ὅ(
1120 2951 1279 3043 clangore
1305 2950 1362 3023 lo·
1412 2986 1413 3041 p

212 3101 216 3109 s
352 3044 421 3115 lent
447 3048 607 3139 attrahere
631 3069 763 3119 caeteras
789 3045 836 3119 sui
862 3050 1017 3141 generis,
1044 3044 1222 3141 quarelam
1250 3048 1363 3121 favere
1412 3050 1413 3085 ³

353 3142 516 3232 cupiant,
541 3144 760 3239 illigantur&
780 3137 866 3223 illae,
890 3144 1130 3237 capiuntirrque
1152 3140 1194 3216 ab
1219 3168 1362 3237 aucupe.
1412 3138 1413 3197 ἶ

352 3236 456 3311 Tales
484 3236 554 3312 sum
581 3243 772 3320 debitores,
795 3240 853 3332 qui
883 3258 920 3311 ut
949 3240 1034 3333 larpe
1062 3241 1227 3329 explicent
1256 3242 1364 3313 irreti·
1412 3258 1413 3325 ζ

313 3424 319 3429 .
353 3349 428 3416 tos,
453 3335 533 3409 alios
548 3365 631 3433 quos
648 3338 776 3428 possunt
789 3336 993 3431 fidejuffnres
1007 3356 1221 3427 aucupantur.
1265 3340 1363 3411 Parra
1412 3338 1413 3397 ἓ

335 3435 423 3512 1ῑινβ
448 3430 494 3505 est
518 3436 733 3530 inauspicata,
758 3458 832 3527 quae
855 3436 1025 3531 Galeria,
1046 3434 1099 3514 vel
1120 3436 1252 3511 Alauda
1277 3437 1363 3511 dici·

354 3542 421 3602 tur.
438 3537 443 3542 ’
463 3531 552 3610 Plio.
578 3537 635 3611 lid.
652 3554 711 3610 11.
734 3548 877 3628 cop.37.
909 3540 911 3545 '

710 3691 716 3698 '
1412 3694 1413 3739 t
