3175 4825
416 459 673 529 hncrnrr
709 456 969 530 Eunnnnr.
1001 453 1098 540 IV..
1202 470 1252 552 17
1341 463 1346 479 '

252 575 302 652 sus
320 577 382 650 ille
407 580 593 671 puriffirnus
618 580 687 654 litt
712 577 750 655 ἃ
772 578 944 672 obiedlum
968 580 1053 658 illius
1080 579 1186 656 seusus
1211 579 1251 654 lit

255 674 550 765 praestantiffimum.
581 679 659 750 Fiet
676 677 747 749 haec
762 701 815 750 tet
834 676 997 767 exemplis
1017 677 1181 752 illustrior.
1213 678 1250 750 Si

255 771 429 844 auditionis
450 774 558 846 sensus
583 793 745 870 purgatus
765 772 812 844 est
837 771 990 854 abunde,
1008 775 1249 872 objiciatutque

257 867 304 936 illi
326 868 457 940 caelestis
480 874 630 963 quaedam
658 874 695 946 dt
722 871 833 943 divina
861 867 1014 954 Musica,
1041 891 1115 944 tum
1144 872 1249 968 inge-

260 964 413 1036 nerabitur
438 967 569 1039 summa
590 971 676 1040 illius
698 965 808 1040 sensus
836 967 998 1057 voluptas.
1041 969 1095 1040 Sic
1113 969 1147 1039 in
1166 967 1249 1042 visu

258 1059 340 1148 Quid
365 1065 526 1152 prodest,
555 1058 668 1136 scribi
698 1061 905 1144 ostendatur,
937 1062 991 1134 vel
1021 1063 1170 1156 Apellis,
1192 1063 1249 1138 vel

252 1155 433 1232 Timanthis
458 1153 716 1256 ingeniosrffirn'e
743 1161 871 1250 depidla
900 1157 1036 1238 tabula,
1062 1157 1088 1232 fi
1117 1159 1248 1252 lippus,

248 1273 298 1326 aur
322 1253 363 1326 fis
389 1275 505 1348 captus
527 1255 674 1330 lumine?
715 1258 815 1348 Opus
843 1255 889 1328 est
910 1257 1075 1349 denique,
1101 1277 1139 1330 ut
1163 1281 1249 1335 ocus

246 1348 294 1422 lus
323 1349 362 1422 stt
395 1351 616 1443 puriffimus,
647 1355 683 1430 dt
714 1353 798 1424 illius
828 1351 998 1447 objectum
1020 1349 1258 1449 prolationi-⁸

248 1469 351 1520 mum.
400 1451 448 1520 Ut
474 1450 579 1544 igitur
606 1451 663 1522 sua
695 1449 855 1542 cujusque
884 1447 989 1524 sensus
1016 1451 1168 1542 voluptas
1197 1449 1246 1524 etl

248 1544 397 1635 propria:
422 1549 468 1618 ita
493 1547 531 1622 δ(
549 1549 668 1619 mentis
692 1547 730 1622 &
756 1546 958 1628 intelleclum
980 1546 1017 1622 δι
1035 1547 1245 1641 contempla-

248 1640 354 1714 tionis:
378 1641 545 1734 similique
564 1645 666 1736 pacdo
686 1643 814 1714 summa
830 1644 980 1735 voluptas
996 1666 1170 1740 generatur
1191 1647 1244 1716 in·

247 1738 433 1834 telligentiae
455 1739 601 1820 nostru,
629 1741 651 1813 li
677 1739 742 1831 ipsa
768 1741 870 1831 quod
886 1739 958 1811 fieri
984 1741 1108 1832 potest,
1133 1738 1245 1836 putis-

248 1831 317 1907 limo
336 1835 401 1918 fit,
424 1834 463 1908 &
488 1835 662 1910 desaecata:
683 1838 719 1910 ὅ(
742 1833 800 1906 libi
827 1835 927 1930 eligat
949 1859 991 1906 ex
1016 1835 1170 1912 omnibus
1190 1861 1245 1909 re·

247 1926 303 2003 bus
317 1938 412 2028 quod
430 1933 470 2004 stt
487 1931 799 2024 praestantissimum,
812 1951 930 2024 utpote
943 1934 1066 2006 ·Deum
1087 1935 1121 2002 in
1141 1957 1243 2027 quem

247 2031 509 2122 contempletur,
533 2029 570 2102 &
594 2034 673 2103 totis
697 2029 823 2102 viribus
847 2033 998 2122 rapiatur.
1044 2029 1116 2119 Qui
1139 2030 1243 2124 igitur

246 2120 285 2193 fic
304 2129 453 2212 collocat
473 2126 678 2202 intelledlum
698 2125 813 2205 suum,
836 2150 896 2198 nec
917 2126 1091 2202 vilibus&
1109 2127 1242 2202 caducis

245 2217 336 2311 huius
358 2223 460 2303 sectili
487 2222 586 2295 rebus
612 2224 754 2296 intentus
779 2220 848 2303 est,
873 2223 992 2296 meriti>
1021 2225 1240 2319 Ganymedes
1273 2219 1276 2226 ’

248 2321 368 2404 poterit
392 2320 559 2413 appellari.
603 2323 694 2393 Nam
712 2319 871 2407 pheodo,
889 2326 1036 2415 gaudere
1053 2320 1238 2415 significat,

251 2414 345 2494 μῧος
365 2416 550 2489 consilium:
579 2418 667 2510 quast
686 2422 801 2501 dican,
817 2420 955 2494 consiliis
977 2420 1013 2494 lle
1036 2422 1240 2507 contempla·

248 2511 344 2579 tione
366 2518 567 2605 gaudentem.
610 2516 713 2585 Nunc
735 2516 838 2589 verba
863 2516 1134 2588 commentatoris
1159 2516 1240 2589 Ho-

243 2607 335 2677 meri
358 2607 575 2695 subjiciamus,
603 2636 677 2704 quae
704 2613 831 2684 secutus
858 2612 903 2683 cll
925 2613 1034 2684 noller
1065 2614 1240 2692 Alciatus,

240 2709 434 2792 rumperent
451 2710 467 2777 ti
482 2713 613 2798 ineptus
627 2710 706 2795 μόνῳ
726 2708 775 2795 ras
791 2712 852 2787 dri,
865 2706 910 2777 ln
933 2711 947 2775 ὅ
969 2738 1023 2793 μιν
1046 2714 1109 2779 luit
1125 2706 1239 2797 metiret

243 2804 288 2881 ἔς)
307 2809 380 2888 nico
417 2807 500 2890 μόνος
527 2808 560 2874 δὲ
590 2807 673 2881 huic
698 2806 754 2897 ἕχᾴ
777 2810 867 2877 iturine
896 2801 930 2875 'ti
954 2812 1009 2879 coit
1033 2809 1140 2893 pido
1164 2802 1240 2890 ptir-
1313 2820 1319 2833 “

245 2908 346 2990 tudo:
370 2898 447 2973 niro
470 2900 544 2998 75¹6
568 2904 761 2989 rmoreidnt.
809 2904 893 2975 Hoc
916 2904 992 2986 est,
1019 2906 1238 3003 Ganymedes
1264 2990 1266 2995 Ι

250 2996 301 3068 soli
319 3004 398 3083 Jovi
422 2985 589 3074 minislrat.
630 3004 802 3094 Quoniam
831 3002 961 3092 Jupiter
983 3002 1087 3097 prima
1110 3002 1157 3073 ell
1181 3003 1237 3073 in·

243 3095 446 3189 telligentia:
479 3096 577 3172 solius
607 3121 716 3184 autem
745 3098 966 3193 intelligentia
991 3102 1164 3192 proprium
1190 3096 1237 3169 est

236 3192 376 3265 consiliis
398 3197 572 3290 gaudete,
591 3214 688 3288 atque
706 3196 770 3267 hoc
788 3193 877 3267 sonat
894 3198 1122 3290 Ganymedes.
1163 3198 1237 3269 Ga·

234 3291 386 3385 nymedis
407 3310 522 3363 autem
546 3292 655 3363 sabula
680 3292 820 3363 refertur
842 3294 882 3363 ab
907 3290 1067 3365 Homero
1092 3294 1126 3361 in
1153 3288 1237 3362 hanc
1371 3376 1377 3386 Ι

230 3384 446 3468 sententiam,
470 3408 510 3461 ut
532 3386 629 3461 vertit
649 3389 812 3461 Nicolaus
834 3388 948 3462 Valla:

274 3482 365 3557 Tros
394 3484 437 3555 oh
459 3485 674 3558 Erichthonio
688 3487 782 3569 sotto
809 3480 852 3578 cll
876 3484 914 3557 dc
930 3484 1092 3579 sanguine
1113 3482 1210 3558 Trois

267 3584 375 3660 uus,
400 3578 442 3655 ό·
468 3580 655 3671 Ascraeus,
670 3578 843 3675 finilisqut
864 3586 937 3653 Deo
958 3584 1154 3678 Ganymedes

266 3680 450 3776 Egregius
464 3677 577 3769 forma
604 3705 623 3750 r
662 3699 716 3751 ttts
731 3677 881 3769 sublimis
906 3679 940 3747 in
966 3704 1064 3750 ouras

267 3782 315 3848 Α
338 3778 469 3873 superis
488 3778 564 3847 telo
583 3696 700 3871 posius
724 3776 835 3849 divam
858 3778 941 3850 inter
963 3777 1096 3850 honores

271 3873 442 3955 Pulcher,
467 3895 505 3951 ut
530 3895 606 3948 nette
629 3878 744 3949 Iovem
766 3872 908 3960 misceret
925 3876 1042 3971 poculo
1067 3868 1188 3967 interfici

214 3968 253 4040 Τ
254 3966 342 4043 tois
358 3970 462 4063 igitur
483 3970 549 4042 suit
565 3968 652 4042 filius
676 3970 915 4065 Ganymedes,
939 3970 1007 4041 non
1024 3971 1237 4042 Laomedon·

213 4066 283 4154 tie,
317 4082 360 4136 ut
385 4067 513 4139 videtur
540 4064 662 4139 sensisse
687 4066 812 4141 Cicero
838 4069 1002 4163 inprime
1025 4062 1238 4144 Tusculana,

269 4166 360 4265 fr.
373 4159 503 4250 Sonshii
514 4166 615 4261 Optr.
639 4160 747 4239 rom.
759 4154 884 4240 111·.‘
964 4162 1022 4271 B,
1166 4160 1241 4249 lap2
