3175 4825
373 395 586 493 haerare
618 389 882 508 ,sustenta
907 397 1088 484 Cissiis
1168 395 1240 508 ιτς

232 519 311 599 sotir
341 525 385 598 ab
417 530 556 603 Erasmo
580 520 662 603 solet
691 528 894 626 dissentire„
909 530 1002 602 aliter
1034 527 1241 606 numismatis
1296 527 1299 534 ⁴

227 625 370 720 figuram
403 626 644 721 interpretatur.
695 627 789 697 Nam
823 649 884 719 per
918 623 1122 719 Delphinem
1161 653 1241 706 curn

225 722 369 805 anchora
392 724 495 817 (quae
518 725 673 810 adversus
700 724 860 817 procellas
889 721 925 797 &
952 725 1157 812 ternpeslates
1185 728 1242 798 fa-

226 819 351 890 bricata
378 821 453 916 esi)
486 847 603 918 regem
635 820 744 915 ipsum
777 821 814 898 dc
850 821 985 914 regium
1016 846 1139 894 munus
1166 825 1240 896 vult

225 918 394 1012 intelligi,
421 921 463 990 ad
489 944 589 1014 quem
622 923 765 1010 pertinet
794 919 967 990 calamitati
997 919 1034 994 δι
1063 919 1241 1010 perturba·

226 1014 308 1084 sioni
335 1015 534 1089 subvenire:
560 1014 735 1089 seditiones
759 1014 796 1088 δί
820 1015 984 1110 procellas
1012 1029 1238 1108 componeret

229 1109 263 1184 ἃ
287 1134 451 1186 aerumnas
480 1113 688 1187 subditorum
714 1113 900 1208 depellere,
938 1115 1080 1207 pacique
1109 1113 1241 1184 incum-

228 1208 318 1280 bere.
360 1211 471 1302 quue
499 1237 544 1284 ex
568 1231 683 1284 natura
704 1210 867 1302 Delphini
889 1209 1036 1294 discere,
1063 1214 1118 1304 qui
1146 1213 1242 1298 valde

226 1303 425 1398 pompante
448 1307 519 1385 est,
545 1307 678 1389 idest,
707 1307 885 1380 hominum
915 1309 1067 1388 amicus,
1096 1305 1242 1396 ideoque

226 1407 371 1496 capitalis
399 1407 574 1479 Crocodili
603 1405 725 1477 hollis:
750 1431 819 1498 quo
846 1429 913 1475 non
942 1405 988 1476 esl
1011 1407 1100 1478 aliud
1125 1405 1242 1475 homi-

222 1502 321 1573 nibus
344 1502 491 1574 infestius
514 1503 644 1576 animal.
688 1505 732 1573 Et
750 1499 884 1591 insuper
906 1525 1025 1595 magna
1047 1527 1127 1596 erga
1151 1501 1241 1575 filios

223 1600 364 1672 charitas
391 1600 438 1671 est
460 1601 584 1678 inboc
608 1600 763 1683 animali,
791 1621 875 1686 quos
901 1601 999 1669 etiarn
1027 1601 1155 1672 adultos
1182 1602 1242 1674 diu

225 1698 414 1768 comitatur.
457 1685 593 1769 A'd'slior
620 1695 743 1770 Ariste.
775 1696 874 1790 Πᾶς.
905 1699 946 1768 de
972 1690 1079 1786 histor.
1103 1697 1239 1768 animal.

224 1791 267 1864 stc
290 1795 371 1866 Rex
389 1796 500 1867 animo
524 1817 661 1885 paterno
692 1791 792 1864 debet
825 1792 888 1864 esse
916 1793 949 1862 in
981 1790 1079 1862 suns:
1111 1793 1240 1884 alioqui

226 1912 290 1961 non
314 1891 361 1962 ess
385 1891 484 1972 Rex,
515 1891 569 1962 sed
596 1886 800 1990 Tyrannus,
828 1908 866 1962 ut
898 1889 932 1959 in
963 1886 1109 1959 Politicis
1141 1892 1242 1962 docet

223 1987 359 2062 Arissot.
386 1990 429 2059 In
449 1987 680 2063 subveniendis
696 1984 934 2058 miserisdebet
956 1985 1057 2054 etiam
1071 1981 1237 2062 Rett'del-

220 2088 313 2178 phini
339 2086 540 2158 celeritatem
564 2087 713 2169 imitari,
737 2109 812 2178 quae
840 2085 987 2156 maxima
1014 2078 1059 2151 esl
1086 2082 1121 2156 δι
1150 2074 1238 2172 penb

222 2184 445 2264 incredibilis,
459 2202 497 2256 ut
519 2178 620 2254 refert
636 2184 760 2255 Plinius
781 2181 836 2250 lid.
848 2199 880 2274 9.
896 2204 965 2278 cop.
978 2181 1011 2254 8.
1038 2178 1082 2248 Et
1100 2177 1238 2250 Ariston

223 2280 463 2372 &Oppianus
505 2279 737 2354 Sedsrmulta
756 2281 798 2349 de
817 2277 997 2371 Delphinis
1022 2271 1130 2368 daque
1155 2273 1239 2348 Aldi
1333 2349 1335 2358 ,

222 2377 371 2451 Manutii
400 2377 572 2461 anchora,
599 2380 719 2475 cupis,
741 2377 819 2449 vide
844 2377 1023 2453 Erasmum
1054 2374 1087 2445 in
1112 2375 1237 2472 adagio

221 2479 343 2558 citato,
367 2474 493 2573 restim
519 2470 612 2550 lenti.
932 2556 935 2561 ,
976 2477 980 2482 ’

266 2571 397 2648 Titanis
419 2576 581 2670 quoties)
608 2572 689 2645 Hoc
716 2569 864 2665 primhm
889 2572 1082 2652 admoneo,
1104 2566 1237 2643 Titanis

219 2671 427 2769 trisyllabum
450 2671 525 2743 esse.
564 2675 657 2745 Nam
684 2672 753 2743 duo
775 2670 800 2739 ii
824 2671 946 2750 rodunt
974 2691 1035 2759 per
1058 2664 1236 2761 synaerestn

218 2768 251 2835 in
276 2793 407 2842 unum:
434 2769 476 2840 stc
498 2766 580 2841 Tira
593 2812 607 2827 ·
623 2788 636 2825 -’
653 2768 698 2838 nii
729 2765 823 2860 quoti
835 2808 849 2823 ·
864 2806 874 2819 -
889 2795 906 2833 υ
920 2788 958 2833 v:
988 2764 1143 2834 dicuntur
1173 2784 1235 2831 au·

218 2881 286 2936 tem
316 2868 408 2937 venti
434 2869 561 2941 Titanis
574 2861 725 2961 fratres:
750 2864 827 2958 quia
855 2864 988 2942 Aurora
1010 2858 1141 2930 Titanis
1166 2856 1235 2929 filia

217 2961 299 3044 suit,
325 2988 400 3056 quae
425 2964 517 3037 milla
540 2964 628 3038 fratri
646 2960 774 3036 Astraeo
800 2956 925 3052 peperit
949 2957 997 3029 illi
1019 2978 1157 3033 ventos,
1175 2978 1235 3027 au·

218 3074 291 3131 tore
318 3059 471 3133 Hesiodo
498 3065 531 3131 in
549 3063 719 3160 Theogon.
737 3058 773 3134 tlt
792 3058 949 3131 Brixiano
977 3056 1103 3151 Pylade
1130 3046 1237 3137 sinna

217 3152 448 3253 Theogoniae,
476 3160 534 3230 ubi
563 3163 604 3233 stc
629 3168 696 3233 airt

263 3260 406 3328 Aurora
431 3254 561 3353 Astraeo
583 3259 707 3354 peperit
735 3250 870 3326 Titania
887 3246 995 3341 fratri

316 3351 480 3448 Aflraeam
505 3355 548 3429 (J
573 3377 705 3434 ventos,
733 3354 787 3447 qui
800 3348 895 3439 freta
919 3350 1016 3442 longa
1041 3356 1228 3444 premane-

261 3452 427 3525 Anehora
441 3452 571 3546 jassa.)
598 3454 714 3523 Solent
747 3446 843 3519 musti
874 3444 1044 3523 dubitare,
1082 3440 1233 3515 leuben-⁴

215 3544 299 3617 dum
325 3543 366 3619 fit
388 3551 529 3622 anchora
555 3575 633 3623 cum
663 3547 894 3641 aspiratione,
910 3566 949 3613 an
976 3568 1105 3625 ancora.
1149 3543 1235 3633 Quo

213 3646 318 3733 padio
342 3644 478 3733 scribas,
500 3648 593 3741 parvi
616 3646 729 3719 refert.
768 3648 882 3718 Autor
909 3662 1018 3712 tamen
1044 3628 1091 3711 dsl
1115 3638 1235 3713 Valet.

212 3740 385 3824 Probus,
426 3746 488 3819 tria
515 3765 644 3826 tantum
672 3744 770 3817 latina
796 3740 931 3820 nomina
958 3737 1031 3831 posi
1061 3762 1079 3807 c
1112 3737 1236 3829 aspira-

207 3842 347 3913 tionem
370 3841 517 3927 habere,
542 3833 673 3924 learcho,
690 3841 845 3940 pulcher,
864 3837 993 3911 orchus.
1043 3833 1126 3909 Huc
1151 3838 1234 3907 adde

210 3960 364 4028 graecam
397 3966 555 4028 vocem,
598 3966 673 4039 quae
719 3938 785 4008 stne
827 3934 1023 4027 aspiratione
1066 3930 1234 4027 profertur

209 4030 353 4135 seweni
376 4042 516 4117 anchora
534 4065 595 4139 per
615 4036 862 4207 translaripnem
885 4057 947 4131 pro
972 4034 1147 4108 securitate
1163 4048 1234 4190 por·

801 4154 826 4213 2
1136 4140 1209 4194 tntu
1228 4164 1237 4190 .
