3175 4825
436 470 688 544 ductant
725 469 1120 556 Emnutrnr.1V.'
1231 483 1280 576 te

279 601 378 694 aquis
400 601 527 673 viribus
551 603 756 677 decertatum
779 602 888 682 foret,
914 627 951 676 ac
979 602 1140 698 permulti
1164 603 1278 676 utrin-

279 722 351 788 que.
365 696 541 792 cecidissent¹
552 742 566 777 ,
591 723 722 770 nomen
741 723 785 770 ex
808 724 846 772 ea
869 700 964 772 clade
991 706 1068 774 loco
1087 699 1150 774 elle
1169 702 1280 792 impo-

283 792 384 864 situm.
418 794 496 866 Hic
526 796 629 867 etiam
660 797 747 868 fama
768 796 874 868 fertur
907 799 1144 894 Ganymedem
1171 797 1281 890 ipsum

277 891 470 963 tradentibus
486 891 521 962 in
547 891 675 966 diversa
699 893 862 969 Germani
881 909 977 985 atque
996 897 1150 968 amatoris
1173 895 1280 966 mani-

282 983 333 1057 bus
354 990 420 1059 vira
449 986 514 1059 elle
546 989 736 1071 orbatum,
770 986 1050 1084 sublatumque-e
1075 995 1188 1062 medo
1216 1013 1281 1080 pro

279 1084 468 1156 calamitatis·
480 1087 599 1157 solatio
619 1087 719 1158 relata
747 1087 788 1156 ad
811 1087 934 1168 ,lovem
953 1105 1127 1179 'raptorem
1147 1086 1280 1174 fabula,

275 1181 383 1254 divinis
414 1181 514 1254 inille
548 1182 736 1255 honoribus
767 1177 934 1256 affectum.
983 1185 1106 1258 Paulus
1137 1183 1281 1256 orofius

272 1278 320 1347 tit.
335 1298 364 1348 1.
391 1298 540 1372 cup-12·
583 1279 747 1351 Tantalus
770 1277 932 1374 (inquit)
958 1306 1018 1354 retr
1046 1279 1279 1376 Phrygiorum

274 1375 508 1467 Ganymedem
531 1377 639 1448 Trois
665 1377 909 1448 Dardaniorum
932 1375 1037 1474 Regis
1060 1377 1167 1450 lilium
1199 1374 1279 1448 citm

275 1466 515 1561 daginofiffime
539 1471 827 1564 rapuilletmajnri
844 1471 983 1545 conserti
1004 1475 1194 1547 certaminis
1209 1476 1279 1548 soe·

273 1567 368 1637 ditate
392 1569 560 1641 detinuit:
581 1567 662 1642 ficut
685 1569 867 1642 Phanocles
893 1575 989 1661 prv'e'ra
1006 1571 1200 1652 confirmat,
1220 1573 1280 1664 qui

273 1665 457 1737 maximum
480 1665 608 1739 bellum
632 1667 673 1738 ab
697 1668 763 1737 ltoc
785 1666 987 1740 concitatum
1007 1667 1101 1741 sinile
1127 1691 1279 1738 comme·

273 1779 387 1832 morat.
428 1760 597 1834 Eusebius
621 1763 654 1832 in
680 1763 848 1836 Chronicis
876 1765 964 1834 idem
990 1763 1058 1838 feri:
1078 1763 1208 1847 scribit,
1226 1767 1279 1836 itt-

273 1860 403 1949 quiens‚
425 1858 487 1930 Ob
505 1878 637 1946 raptum
652 1861 884 1955 Ganymedis,
898 1857 935 1932 ὃ(
953 1859 1057 1938 Trois
1080 1861 1188 1949 patris'
1204 1863 1279 1936 Ga·

272 1958 449 2120 yymedilm
471 1957 510 2030 δι
532 1957 673 2122 Tantali
691 1957 991 2135 bykllumyexnrtqu
1015 1955 1088 2118 ist}
1101 1953 1280 2131 l:atlascribdiy

318 2075 452 2123 anoces
512 2075 596 2124 oeta.
674 2078 712 2124 ru
758 2080 775 2124 a
808 2075 819 2121 t
848 2075 912 2124 rtur
972 2077 1041 2124 ovts
1082 2075 1147 2124 au
1181 2075 1211 2130 ·‚

271 2152 390 2236 raptrix
417 2077 528 2243 aquila
553 2148 701 2243 fingitur.
745 2072 976 2222 Chalitdenses
1002 2145 1147 2222 solebant
1170 2149 1279 2222 oslen-

274 2243 349 2314 dere
374 2248 494 2317 locum
532 2245 666 2336 (quem
699 2245 907 2340 Harpigium
942 2243 1186 2342 nnminabant)
1218 2247 1279 2320 ubi

172 2382 176 2405 t
278 2340 491 2437 Ganymedes
506 2343 549 2416 ab
572 2343 660 2424 Jove
680 2341 787 2417 fuiller
806 2363 929 2437 raptus.
971 2345 1012 2417 ln
1030 2342 1176 2417 fabulam
1194 2343 1278 2417 lunc

281 2436 484 2529 Ganymedis
506 2441 619 2513 multis
640 2442 673 2509 in
697 2442 779 2512 locis
803 2442 932 2533 ,jocatur
956 2440 1145 2517 L‘ucimus,
1173 2466 1277 2533 quem

276 2530 434 2612 consule,
455 2535 477 2606 it
501 2538 594 2631 plura
616 2540 658 2625 de
684 2539 887 2633 Ganymede
912 2539 1015 2631 cupis.
1054 2538 1158 2607 Nunc
1183 2561 1279 2609 acce·

271 2630 399 2702 damus
416 2633 454 2699 ad
473 2635 748 2727 explanationem.
773 2635 816 2705 Et
834 2631 980 2724 primitm
999 2636 1041 2705 de
1057 2633 1156 2705 titulo
1174 2656 1279 2725 pauca

270 2728 497 2818 praelibemus.
591 2762 595 2766 *

317 2828 361 2904 In
378 2818 463 2899 'Deo
487 2828 702 2918 laetandum.)
735 2825 884 2901 Videtur
916 2821 1064 2919 sumptus
1094 2826 1208 2901 titulus
1236 2852 1279 2903 ex

274 2923 381 2997 verbis
406 2926 562 2997 D.·Pauii
582 2926 623 2995 ad
649 2921 810 3017 Philip.4.
829 2919 908 2994 citm
928 2923 995 3003 ait,
1015 2927 1131 3016 χαίρω
1151 2929 1176 2997 itt
1197 2923 1281 3017 κυρίῳ

280 3011 435 3101 ’seems
456 3023 506 3093 ml
532 3021 623 3093 mim
645 3020 712 3112 lyd,
738 3023 863 3113 χαίροτι.
911 3020 952 3095 Id
977 3024 1046 3111 eii,
1073 3028 1218 3099 Gaudete
1243 3026 1281 3095 iu

275 3110 396 3191 domino
408 3117 559 3214 semper,
573 3123 687 3190 iterum
707 3122 798 3199 dim,
818 3118 965 3215 gaudete.

320 3216 444 3312 Aspice
477 3238 515 3287 ut
548 3218 742 3311 egregius.)
783 3218 872 3306 Quis
902 3214 1003 3286 suerit
1031 3213 1086 3287 bit:
1121 3210 1282 3307 egregius

267 3307 405 3400 pianr,
421 3314 516 3402 parvi
538 3314 638 3383 refert
655 3312 832 3402 inquirere.
873 3310 963 3385 Nam
986 3309 1114 3403 poteris
1139 3308 1210 3379 haec
1231 3309 1281 3381 in·

265 3408 424 3505 telligere
444 3412 489 3478 de
502 3409 629 3501 pidlore
649 3410 820 3499 quodam,
836 3410 892 3500 qui
913 3407 984 3480 haec
1006 3404 1202 3480 emblemata
1221 3409 1282 3479 de·

261 3506 399 3595 pinxit:
423 3504 487 3595 nili
507 3506 601 3577 malis
623 3506 665 3574 de
692 3504 821 3577 Leocra
840 3502 1043 3575 nobiliffimn
1061 3504 1189 3593 pidiore
1207 3504 1303 3576 ser-¹

261 3625 411 3675 monem
434 3600 518 3675 fieti.
555 3603 591 3674 Is
615 3602 705 3673 enim
730 3600 794 3691 (ut
818 3600 924 3695 inquit
948 3600 1100 3695 Plinius)
1122 3603 1282 3695 Aquilam

258 3699 472 3773 sentientem
497 3698 578 3795 quid
602 3698 704 3790 rapiat
725 3699 763 3767 in
786 3696 1007 3795 Ganymede,
1030 3698 1067 3773 dt
1093 3704 1147 3773 cui
1173 3702 1285 3781 ferat,

254 3816 467 3891 parcentem
490 3793 661 3891 unguibus
683 3794 781 3867 eriam
805 3787 1004 3886 pervellem
1025 3794 1114 3871 fecit.

321 3896 421 3971 Iovis
444 3896 560 3986 alite.)
585 3891 742 3984 Aquilam
766 3888 1041 3984 intelligitsquae
1064 3894 1098 3966 in
1115 3890 1209 3975 Jovis
1229 3902 1284 3961 tu··
1347 3931 1349 3942 ι

255 3988 343 4061 tela
373 3987 450 4063 ided
476 3988 540 4063 elie
571 3988 713 4074 dicitur,
742 3990 820 4083 quia
846 3986 984 4058 futmine
1015 3986 1296 4081 nonnangitur,
1345 4070 1348 4077 ι

253 4104 301 4162 ut
341 4085 475 4167 Plinius
508 4088 609 4166 tina
638 4106 711 4184 cap.
727 4104 780 4181 51.
808 4084 931 4259 &Blgd
946 4102 1004 4158 10.
1033 4104 1150 4178 cap.3.
1187 4099 1286 4245 auetyy
