3175 4825
227 554 235 580 Ι
330 431 380 562 32
536 465 1133 542 consternation·

331 613 433 674 cum,
463 585 650 669 Etbicum,
675 611 712 658 ac
746 584 919 684 Lugicum
948 587 1240 680 amplesiebatur:
1271 587 1329 666 sett

330 683 422 779 qubd
437 683 590 765 caelestis,
604 684 768 771 marinus,
788 701 827 756 ac
848 682 1005 757 terrellris
1023 689 1220 758 crederetur.
1263 689 1331 758 So·

326 781 417 854 lebat
441 782 476 852 itt
504 780 609 853 triviis
638 784 762 874 apponi
777 806 866 853 cum
892 782 1103 872 inscriptione
1135 783 1167 852 in
1193 781 1329 876 lingulis

326 877 515 972 capitibus,
537 873 605 971 qub
629 879 764 950 duceret
786 879 840 950 via
863 877 955 958 haec,
973 874 1047 971 'qub
1072 878 1186 951 rursus
1204 879 1267 950 illa.
1361 891 1367 902 '

375 981 417 1047 Iti
441 976 539 1048 trivio
562 998 651 1046 mons
674 971 715 1070 rJl
738 974 926 1070 lapidum.)
949 973 1169 1047 Proverbiuru
1192 973 1328 1056 subest,

325 1078 453 1165 ὅρμιῒον,
477 1074 513 1145 id
535 1069 601 1147 etl,
623 1073 837 1145 mercuriale:
860 1073 951 1166 quod
974 1071 1129 1143 Erasmus
1155 1075 1237 1143 dum
1263 1097 1327 1146 ett-

325 1171 456 1262 planat,
475 1169 622 1242 multum
647 1164 745 1239 sumit
770 1192 899 1259 opera:
926 1191 988 1238 nec
1008 1186 1118 1260 temen
1143 1170 1325 1262 quidquam

323 1268 465 1360 proficit.
497 1268 536 1338 N
538 1287 575 1335 os
589 1262 682 1336 altius
698 1264 845 1338 sabulum
859 1283 1067 1358 repetamus,
1081 1282 1117 1336 ut
1137 1265 1215 1338 loco
1236 1268 1325 1342 diffi-

325 1363 405 1446 cili,
429 1363 484 1456 qui
509 1360 681 1435 Erasmum
706 1379 872 1453 torquet,
905 1365 1013 1433 lucem
1039 1361 1180 1454 aliquam
1207 1360 1324 1448 affera-
1427 1391 1431 1432 1

321 1481 410 1531 mus.
449 1457 620 1554 Didymus
642 1458 676 1526 in
701 1459 756 1530 lib.
772 1461 827 1534 16.
849 1457 992 1558 Odyffeae
1014 1457 1204 1552 hujusmodi
1225 1459 1323 1536 sabu-
1419 1481 1422 1487 ·

321 1555 390 1629 lam
408 1576 514 1628 narrat
535 1579 578 1625 ert
603 1554 779 1643 Anticlide.
820 1555 1011 1630 Mercurius
1029 1555 1183 1650 (inquit)
1202 1561 1323 1646 ptaeci·
1417 1581 1420 1588 ’

321 1653 435 1746 piente
449 1654 554 1734 Jove,
572 1651 673 1724 vitam
693 1649 834 1743 eripiens
851 1654 949 1748 Argo
961 1650 1021 1723 tus
1041 1653 1186 1735 custodi,
1204 1655 1323 1740 dusius
1418 1663 1431 1727 Ln

322 1748 374 1821 est
391 1748 425 1819 in
448 1749 608 1843 judicium
630 1746 671 1819 ab
690 1749 823 1830 Junone
846 1749 978 1843 aliisque
1000 1749 1085 1822 Deis
1104 1751 1242 1842 impasla
1267 1754 1323 1822 di·
1416 1787 1431 1834 η,

321 1869 385 1924 ca:
410 1843 453 1918 eb
469 1844 562 1938 qubd
580 1846 708 1940 primus
723 1846 815 1916 caede
830 1847 1019 1920 mortalium
1036 1847 1226 1918 daemonum
1242 1846 1323 1920 effer

279 2005 288 2014 ,
321 1943 562 2038 coinquinatus.
601 1943 816 2017 Conveniunt
835 1943 869 2013 itt
891 1942 1052 2037 judicium
1069 1944 1154 2014 Dei:
1173 1943 1321 2037 judicant
1393 1953 1431 2024 Ἀ,

319 2056 434 2112 tamen
458 2067 518 2134 par
537 2040 575 2113 ἃ
598 2063 731 2134 aequum
755 2038 842 2122 elle,
863 2061 901 2112 ur
923 2040 1118 2116 Mercurius
1141 2043 1231 2113 dieto
1256 2042 1321 2122 Jo-

321 2138 534 2211 vis-audiens
557 2137 665 2215 elset,
694 2138 961 2230 quandoquidem
991 2137 1077 2210 illius
1101 2136 1147 2209 est
1172 2137 1319 2212 nuntius.

318 2229 547 2324 ³Absolventes
568 2234 709 2326 denique
737 2232 870 2306 itcaede
900 2234 1138 2316 Mercurium,
1163 2232 1319 2308 surrexe·
1421 2290 1431 2328 q

319 2348 418 2413 runt,
443 2349 541 2423 atque
565 2332 606 2401 ad
629 2329 716 2402 illius
735 2328 843 2420 ‘pedes
863 2328 974 2404 niveas
997 2327 1144 2424 atrasque
1167 2332 1319 2415 telleras',

320 2426 443 2525 quibus
466 2444 534 2502 erat
559 2430 786 2507 damnandus,
812 2426 867 2501 vel
888 2425 1103 2501 absolvendus
1130 2429 1207 2508 ille,
1229 2456 1317 2521 pro·
1412 2425 1430 2525 ,ζ

319 2526 480 2620 jecerunt.
523 2525 608 2594 Inde
639 2524 793 2600 mortales
816 2522 919 2616 usque
945 2526 981 2597 in
1005 2524 1076 2599 hec
1103 2543 1255 2620 tempora
1278 2529 1316 2599 in
1415 2524 1427 2599 ζ

319 2621 486 2698 Mercurii
509 2621 674 2694 honorem
700 2644 761 2713 per
783 2621 851 2691 vias
872 2621 1019 2710 lapidum
1040 2625 1206 2697 tumulum
1233 2648 1316 2697 con·
1420 2616 1424 2631 '

316 2720 477 2793 ilituunr:
499 2720 655 2814 quoniam
668 2718 860 2799 Mercurius
878 2716 925 2788 esi
945 2724 1110 2794 viatorum
1126 2720 1231 2791 Deus.
1267 2722 1317 2791 Et

315 2816 381 2892 bos
404 2818 550 2890 tumulos
575 2836 694 2889 vocant
717 2818 834 2906 {punice
855 2818 961 2900 ,tous
1009 2816 1096 2889 Haec
1120 2815 1320 2909 Didymus,
1411 2876 1430 2905 ,ἵ

251 2979 254 2992 ,
315 2936 420 3007 quem
442 2911 520 2984 vide
542 2912 637 2985 latitls
657 2913 728 2986 haec
750 2914 944 2984 narrantem.
981 2912 1068 3002 Quis
1090 2914 1156 3003 jam
1179 2910 1312 2985 dubita·
1411 2988 1421 3012 h

314 3010 367 3083 bit
387 3012 501 3084 locum
521 3008 612 3080 illum
635 3009 791 3082 Proverb.
802 3012 860 3084 26.
885 3032 928 3081 cx
948 3004 1009 3077 hac
1029 3006 1244 3101 antiquissima
1263 3011 1315 3083 fa·

210 3125 212 3130 ’
313 3107 393 3183 bula
413 3103 823 3201 polleinterpretationem
839 3101 1023 3199 susciperes
1049 3104 1143 3183 Sicut
1166 3106 1222 3201 qui
1237 3111 1314 3180 mit·
1398 3166 1414 3193 ,,

315 3210 357 3283 tir
383 3203 514 3299 (inquit
531 3201 715 3293 Salomon)
738 3202 876 3297 lapidem
898 3204 934 3274 iu
955 3224 1104 3280 acervum
1127 3207 1314 3277 Mercurii:
1405 3198 1429 3253 ⁴³

313 3308 366 3379 ito
388 3307 445 3403 qui
469 3295 579 3375 tribuit
600 3301 767 3388 incipienti
791 3300 951 3375 honorent.
994 3299 1097 3391 Quasi
1119 3304 1226 3391 dicat,
1250 3302 1312 3371 In·
1400 3290 1414 3331 ‘²

313 3398 406 3484 scitia
428 3399 476 3475 est
500 3398 629 3492 lapideo
655 3398 737 3469 Deo
768 3393 962 3487 obsequium
987 3398 1156 3487 praellare,
1188 3396 1313 3488 lapides
1418 3405 1429 3448 l

314 3499 542 3571 coacervando
563 3500 605 3573 ad
625 3495 711 3569 illius
732 3492 879 3567 siatuam.
920 3492 1100 3565 Mittebant
1123 3495 1211 3566 enim
1237 3494 1313 3567 via·

312 3608 404 3669 tores
428 3593 551 3687 lapides
580 3597 623 3670 ad
651 3594 752 3686 pedes
783 3589 945 3664 Mercurii
980 3590 1151 3685 religionis
1179 3590 1310 3685 gratias
1399 3591 1429 3621 ”“

312 3706 415 3783 etque
439 3690 516 3761 iude
539 3686 748 3785 erat,'qubd
769 3686 1001 3759 simulachrum
1022 3688 1101 3759 illud
1125 3684 1311 3783 effingeba·

227 3809 230 3823 ’
313 3802 369 3860 tur
386 3786 522 3879 pestote
542 3805 657 3870 tenus,
675 3813 717 3859 ne
740 3809 862 3877 opera,
876 3782 912 3860 &
926 3780 1073 3874 sumptus
1088 3781 1202 3857 stullr'a
1223 3809 1312 3856 con·
1414 3854 1419 3879 ¹

297 3883 498 3959 sumeretur
524 3883 729 3976 inpartibus
753 3880 962 3955 inferioribus
984 3879 1209 3963 elaborandis,
1231 3890 1311 3975 quai
1410 3880 1426 3971 ζ

310 4002 395 4055 mox
418 3979 579 4072 lapidibus
601 3979 699 4054 ellent
722 3980 911 4055 obruendae.
951 3981 1049 4053 Unde
1069 3976 1154 4057 mate
1176 3978 1312 4073 depisia
1417 3985 1429 4063 ’ἶ

311 4078 532 4237 circunfettur
553 4076 667 4175 imago
692 4077 1014 4165 manutenuistis„
1076 4139 1082 4171 3
1111 4152 1114 4159 ,
1139 4144 1311 4255 mum
1427 4090 1428 4093 ’
