3175 4825
416 340 1162 466 AuerrurEmsusm.CLXXL
1240 399 1315 482 31}

382 560 1267 674 ΙυετκνιΝυιςτΑ.Δ

429 712 838 818 'Emortui
911 703 1151 815 CLXXL

330 913 436 988 ‘Dum
462 912 580 1010 refidet
611 919 753 1015 Cyclops
773 911 897 1010 finuoji
924 909 1130 1002 infantibus
1158 918 1268 1002 amri,

394 1011 479 1086 Haec
496 1013 606 1101 sctum
631 1038 759 1087 teneras
786 1013 929 1086 concinit
957 1013 1042 1082 inter
1069 1037 1173 1093 oves,

345 1109 476 1196 Pascite
501 1135 562 1182 vus
590 1112 724 1186 susas:
744 1111 849 1199 sociis
874 1135 934 1208 rgo
956 1109 1075 1207 pascar
1099 1110 1267 1192 Achivis,
1297 1117 1324 1186 ,“

394 1205 653 1306 Poslremumpue
679 1204 769 1282 Utin'
788 1211 910 1297 viscera
934 1205 1039 1304 nullm
1058 1207 1182 1300 serem.

345 1307 470 1378 Audiit
498 1308 566 1378 lraec
594 1308 753 1387 Ithacus,
781 1307 982 1407 Cyclopaquc
1007 1305 1129 1378 lumine
1152 1303 1267 1399 ruffum

399 1402 581 1477 Reddidit:
608 1407 662 1476 En
688 1422 794 1500 ponus
821 1425 856 1477 ut
873 1403 956 1491 suus
979 1401 1075 1476 utitor
1103 1403 1217 1476 labet!

385 1579 428 1650 X
451 1605 538 1654 nono
554 1580 753 1652 Homerica
779 1571 946 1680 Odyffraet‘
966 1577 1025 1653 ubi
1048 1529 1225 1654 Homerus
1251 1577 1321 1654 lare

403 1681 518 1751 tradlat
547 1677 716 1761 fabulam,
749 1703 849 1771 quam
876 1702 937 1749 nos
964 1677 999 1746 in
1026 1679 1129 1752 verba
1156 1677 1316 1750 confere·

297 1799 375 1846 mus
402 1800 532 1868 pauca,
558 1777 649 1846 nihil
665 1778 757 1869 quod
784 1780 826 1848 ad
856 1773 1003 1846 fabulam
1027 1777 1188 1869 pertineat
1215 1777 1318 1848 omit·

300 1890 421 1949 tentes.
470 1873 601 1970 Ulylles
629 1877 713 1946 dum
740 1873 807 1946 huc
839 1873 920 1945 illuc
952 1895 1013 1964 per
1041 1896 1134 1944 mare
1166 1870 1318 1944 discurrit

297 1993 427 2063 vagus,
450 1973 485 2042 in
502 1970 623 2050 insulas
649 1971 843 2069 Cyclopum
870 1971 1026 2042 devenitr
1055 1965 1241 2060 relidlisque
1262 1969 1318 2040 so·

295 2070 359 2139 ciis
383 2091 461 2138 cum
488 2070 597 2149 navi,
622 2071 655 2139 in
682 2090 782 2161 portu
806 2066 876 2162 ipse
905 2069 1086 2139 duodecim
1115 2069 1320 2147 comitatus,

295 2183 431 2236 antrum
463 2166 665 2262 Polyphemi
691 2166 788 2239 subit.
840 2167 914 2258 Qui
941 2163 1000 2236 ubi
1035 2163 1127 2238 veuit
1154 2161 1173 2236 ὲ
1200 2163 1321 2256 pullu,

295 2259 416 2333 saxum
441 2268 533 2356 quod
559 2265 688 2338 duo&
712 2265 834 2361 viginti
860 2261 1051 2358 quadrijugi
1073 2285 1191 2335 currus
1214 2264 1321 2334 attol-

297 2359 371 2430 lere
396 2362 591 2453 nequireut,
615 2359 769 2456 apposuit
796 2359 892 2434 ollio.
937 2361 1096 2434 Advenas
1119 2362 1240 2433 deiude
1265 2361 1320 2433 im

296 2475 450 2551 terrogat
475 2462 532 2553 qui
557 2457 641 2541 srnt,
666 2464 757 2534 unde
782 2452 820 2535 δὲ
843 2458 932 2554 qudi
976 2460 1114 2549 Quibus
1143 2454 1223 2530 clim
1251 2460 1322 2531 res·

300 2553 468 2645 pondisset
506 2554 665 2652 Ulysles,
692 2558 844 2652 Cyclops
869 2560 954 2631 duos
986 2549 1005 2627 *e
1041 2553 1136 2626 sociis
1162 2557 1322 2648 arripuit,

298 2648 442 2745 soloque
466 2675 622 2745 tanquam
644 2658 771 2724 catulos
797 2650 904 2733 illisit,
929 2654 1190 2745 devoravitque,
1218 2653 1323 2724 abiit-

298 2763 374 2838 que
390 2752 594 2824 dormitumz
611 2774 725 2843 ‘quem
747 2746 878 2845 Ulylles
904 2772 964 2841 per
989 2746 1118 2819 iustdias
1138 2748 1323 2821 interseris·

302 2844 373 2929 set,
399 2845 422 2916 st
446 2848 542 2938 janua
564 2848 670 2939 posset
692 2846 813 2939 aperiri
836 2846 906 2919 aliis
929 2840 1030 2938 qu'am
1057 2845 1220 2939 Cyclopis
1243 2846 1324 2943 viri-

300 2942 378 3014 bus.
424 2947 481 3015 De
498 2970 599 3017 mane
621 2963 798 3038 autequam
811 2943 940 3036 pallum
963 2944 1022 3014 iret
1043 2942 1218 3037 Cyclops,
1237 2945 1324 3017 duos

296 3038 454 3111 similiter
481 3041 709 3133 consumpsit,
736 3042 883 3137 abiitque
913 3040 1042 3113 occlusa
1070 3042 1178 3134 janua.
1225 3042 1325 3115 Tum

301 3136 437 3233 Ulysses
463 3142 652 3212 excaecandi
690 3140 854 3236 Cyclopis
883 3138 989 3231 coepit
1016 3135 1203 3211 confilium.
1245 3136 1325 3235 Re·

301 3233 419 3307 versus
451 3236 710 3332 Polyphemus,
744 3241 850 3309 nodlu
877 3240 962 3307 duos
996 3237 1038 3306 de
1079 3258 1178 3309 more
1207 3253 1322 3309 canat.

304 3329 376 3401 Cui
407 3332 556 3426 Ulplles,
583 3332 672 3425 quasi
700 3332 930 3406 subblandiens
957 3331 1119 3423 poculum
1148 3332 1217 3406 viui
1241 3358 1327 3427 por-

304 3430 392 3500 rexit
408 3427 548 3517 (utrem
574 3431 664 3508 enim
689 3430 846 3524 generosi
871 3430 939 3502 vini
960 3427 1071 3502 secum
1098 3428 1117 3503 ὲ
1140 3434 1218 3503 navi
1240 3452 1330 3505 attu-

305 3526 421 3617 lerat)
443 3530 606 3621 petiitque
623 3519 759 3621 aliquod
777 3526 939 3621 hospitale
964 3528 1092 3600 donum
1114 3524 1327 3625 dCyclope.

303 3622 371 3692 Ille
395 3624 556 3697 exhausto
580 3625 729 3716 poculo,
743 3628 833 3698 aliud
855 3622 980 3717 poscit,
996 3625 1146 3719 itemque
1169 3628 1328 3709 tertium,
1366 3656 1368 3662 ⁴

305 3718 1332 3894 ‘scilliloeullffiselffilllll‘u‘ielllnlllllfillis}

591 3864 603 3903 s
735 3864 746 3903 c
900 3872 908 3890 ·
1095 3899 1097 3903 .

309 3914 420 4009 Ulyffi
444 3915 616 4011 quodnam
641 3942 765 3991 munus
786 3918 846 3989 fibi
874 3912 952 3987 esset
977 3920 1137 3999 daturus,
1161 3916 1333 4007 respondit

304 4014 482 4109 Cyclops,
501 4006 600 4114 (supr
622 4016 678 4102 ἐμὲ
700 4021 845 4104 πύματον
862 4018 1000 4103 illam:
1024 4014 1060 4087 id
1076 4012 1141 4101 esl,
1167 4015 1248 4087 Utin
1269 4036 1331 4107 ego

831 4114 923 4210 Va
1207 4108 1331 4207 ww
