3175 4825
376 487 448 566 174
576 465 889 550 ‚canusso
926 491 981 545 tu
1020 471 1183 547 Annus

389 595 393 602 '
423 593 550 669 Hortor
571 590 614 668 θ
635 616 670 664 ut
692 594 817 690 pariter
842 594 938 668 binas
960 594 1104 668 habeatis
1129 594 1269 673 amicast
1316 595 1324 606 ’

389 709 395 730 ¹
471 692 599 763 Fortior
623 688 687 783 est,
713 693 821 786 plures
839 687 871 784 fi
893 694 966 787 quis
991 693 1104 765 habere
1118 689 1228 790 potest.

335 833 338 838 ·
421 791 515 864 Secta
538 789 689 882 bipartito
716 785 786 862 aiam
810 813 897 860 mens
917 787 1068 876 discurrit
1089 813 1247 887 utroque,

471 887 622 957 Alterius
651 886 737 957 vires
753 883 917 971 subtrahit
940 887 1146 960 alteramur.

370 979 454 1056 Hoc
477 982 610 1074 pulchra
630 981 839 1053 fimititudine
862 982 908 1052 ob
929 983 1044 1054 oculos
1064 985 1159 1077 ponit
1179 981 1377 1061 Plutarchus

369 1081 402 1151 in
428 1082 512 1152 noel.
533 1083 574 1151 dr
594 1079 736 1151 amicitia
750 1079 793 1150 in
809 1080 931 1150 multos
951 1077 1082 1175 diffusa.
1125 1082 1238 1174 Inquit
1260 1081 1374 1154 enims

368 1175 503 1252 Veriun
529 1175 813 1270 quemadmodum
840 1169 936 1246 fluvii
959 1177 992 1247 in
1020 1179 1143 1251 multos
1169 1179 1294 1249 didoni
1324 1184 1374 1252 ri-

368 1285 451 1353 vos,
475 1273 648 1345 lentiorem
677 1270 798 1342 hibent
825 1269 982 1353 cursum,
1009 1272 1054 1346 ita
1075 1276 1254 1349 vehemens
1278 1294 1378 1352 amor

365 1369 401 1442 in
421 1365 542 1441 multos
567 1366 725 1459 dispersus
748 1367 836 1438 haud
862 1366 960 1441 dubia
985 1371 1164 1444 marcescit.

386 1481 389 1486 '
416 1467 499 1538 Tale
513 1467 717 1557 amuletum.)
744 1460 1093 1559 Α’λιξιφᾶρμαιοίοωῃε
1111 1467 1219 1567 ‘genus
1232 1475 1374 1548 remedii

367 1561 519 1654 adversus
539 1564 655 1636 cundia
673 1565 758 1634 maia
774 1567 1032 1639 medicamenta:
1057 1567 1236 1658 praesertim
1256 1591 1372 1646 contra

266 1665 269 1670 ’
365 1659 546 1740 veneficia,
570 1662 694 1732 dicium
713 1658 754 1732 ab
775 1686 795 1732 a
815 1662 851 1736 ὅ(
873 1664 988 1740 maiia,
1012 1681 1048 1733 ut
1066 1664 1156 1736 aiunt
1174 1664 1322 1756 quidam.

382 1765 384 1783 '
409 1757 586 1855 ,Pagasaeus
609 1759 733 1851 Iason.)
759 1757 855 1830 Iason
877 1758 963 1831 filius
987 1757 1119 1833 AEsonis
1145 1758 1208 1831 fuit
1226 1760 1370 1838 Theru-

355 1852 417 1926 ,lia
444 1857 553 1950 regis,
582 1855 639 1949 qui
664 1857 700 1923 in
724 1854 875 1929 Colchos
902 1855 1149 1946 expeditionem
1174 1861 1300 1953 paravit
1324 1859 1378 1934 ad‘

362 1953 470 2028 vellus
491 1977 628 2027 aureum
656 1953 928 2044 expugnandum.
971 1955 1086 2044 Quam
1110 1978 1184 2026 rem
1204 1952 1265 2028 lati
1284 1979 1369 2048 pro-

361 2047 517 2142 sequitur·
535 2051 639 2124 Ovid.
668 2048 722 2117 lib.
737 2069 769 2142 7.
799 2051 905 2119 Mara.
927 2047 963 2125 dt
989 2049 1100 2144 Orph.
1125 2053 1161 2125 in
1186 2057 1366 2148 Argonau·

362 2147 447 2218 titis.
487 2147 531 2216 Et
561 2149 720 2217 Pindarus
747 2166 780 2234 4.
821 2146 1013 2244 Pythiorttm
1044 2149 1113 2221 ode.
1163 2149 1367 2242 Apollonius

361 2241 538 2324 Rhodios,
563 2241 718 2317 Valerius
745 2241 902 2325 Flaccus,
924 2243 960 2315 ὅ(
984 2244 1048 2314 alii.
1088 2244 1187 2330 Jamn
1211 2245 1365 2320 antemio

360 2337 503 2413 stnando
537 2340 687 2420 dicitur,
713 2355 749 2407 ut
775 2337 906 2410 videtur
928 2340 1067 2415 innuere
1094 2343 1255 2417 Pindarus
1286 2343 1365 2417 ioco

242 2436 247 2445 '
361 2439 480 2510 citato:
507 2438 579 2510 ἴασις
601 2459 745 2529 namque
760 2428 877 2508 sanitas
897 2435 960 2509 est:
978 2437 1015 2513 &
1035 2441 1112 2535 quia
1132 2440 1282 2533 Chiron,
1305 2442 1365 2535 qui

249 2582 254 2593 ·
361 2530 381 2605 ii
402 2536 516 2627 primis
536 2532 793 2617 annisJasonem
817 2531 973 2616 instituit,
998 2559 1138 2637 magnus
1158 2537 1220 2609 fuit
1238 2540 1271 2607 in
1292 2557 1365 2611 arte

359 2634 545 2707 medendi:
578 2630 655 2705 ideo
684 2628 726 2702 ab
752 2652 790 2703 ea
820 2650 890 2703 arte
922 2630 1031 2705 ta'cm
1065 2632 1154 2733 quafi
1177 2628 1365 2709 sanatorem

257 2754 258 2757 ’
359 2731 554 2805 nominavit.
841 2814 845 2819 ι

407 2828 621 2923 Pegasaeas.)
646 2820 801 2920 Pegaso,
820 2824 1006 2901 innumero
1025 2822 1264 2919 multitudinis,
1278 2827 1366 2905 urbs

357 2922 406 2995 est
417 2926 616 3000 Thessalia,
633 2948 734 3016 quam
751 2919 836 2993 finus
853 2921 1021 3017 Pagasaeus
1039 2924 1264 3016 ampieiiirun
1278 2926 1367 3002 teste

357 3022 552 3113 Pomponio
573 3020 668 3095 Mela
692 3020 747 3091 lib.
756 3042 790 3095 2.
834 3018 919 3107 Quo
943 3020 977 3088 in
1003 3020 1081 3092 loco
1106 3019 1265 3112 cormptt
1288 3024 1365 3120 legi

356 3118 519 3219 Pagasam
544 3138 606 3213 pro
626 3116 795 3212 Pagasas,
820 3113 919 3185 douo
940 3117 1106 3193 annotavit
1130 3118 1365 3194 Fcrdinandus

355 3216 536 3289 Pincianus
553 3214 704 3290 acerrimi
726 3209 841 3307 judicii
867 3212 918 3283 vir
941 3215 974 3282 iu
997 3214 1060 3289 suis
1089 3213 1362 3311 castigationibus

355 3312 390 3385 in
417 3316 501 3387 Pom
528 3340 559 3386 o.
774 3383 778 3389 .

404 3341 605 3507 Phafidcis.)
630 3405 738 3480 Phasis
770 3400 891 3481 fluvius
924 3407 971 3481 est
1004 3409 1240 3485 Colchorum:
1267 3410 1364 3484 uude

353 3504 501 3580 Phafiani
525 3510 620 3581 fuere
646 3503 857 3577 denominati.
897 3503 1063 3601 Pirafiacis
1090 3508 1192 3591 dolis,
1220 3505 1285 3579 hoc
1310 3507 1362 3581 est

352 3602 510 3687 Medeae,
526 3630 599 3700 quae
619 3602 768 3675 Phasiaca
790 3598 872 3683 fuit,
893 3624 930 3677 ut
951 3605 1187 3675 nonnullorum
1211 3602 1258 3674 est
1281 3606 1361 3697 opi-

352 3698 430 3793 nio:
452 3724 528 3774 nam
548 3698 870 3775 PindarusCorinthi
885 3706 994 3771 natam
1008 3698 1102 3773 foisse
1119 3702 1196 3771 dicit
1213 3703 1360 3795 Oda13.
1410 3703 1411 3726 ¹

353 3798 517 3895 Olympio.
558 3800 707 3889 Quidam
727 3801 838 3870 dicunt
858 3790 1020 3888 sumpsisse
1037 3796 1107 3869 haec
1127 3797 1295 3869 Alciatum
1313 3825 1361 3875 ex

351 3900 497 3995 quodam
511 3894 614 3967 Paulo
633 3891 1008 3987 geometraFlorentino
1020 3940 1031 3977 ‚
1044 3896 1102 3987 qui
1118 3898 1235 3966 eadem
1251 3912 1361 3969 trans-
1409 3961 1410 3970 ,

351 3996 462 4073 tulerit
480 3993 683 4085 exquodam
700 3987 832 4067 Alberti
847 3988 970 4087 Magni
985 3991 1113 4064 libello.
1152 3990 1219 4066 sea
1242 3992 1359 4067 omnia
1409 3977 1410 4026 ¹

350 4096 424 4172 sunt
448 4112 550 4165 merae
570 4108 680 4184 nugae.

362 4204 371 4215 ·
1231 4183 1359 4264 LA&
