3175 4825
309 327 389 410 pu
509 317 824 381 conuentu
863 322 923 380 tn
961 317 1137 380 vrrrrrrre‘

311 439 423 512 uerit,
449 451 487 509 ut
512 435 632 506 bruma
656 430 811 506 Austrina
843 431 1008 526 Vergiliis
1033 428 1224 527 Aquiloniis
1248 421 1329 515 fiat,¹

312 532 439 626 septem
456 532 571 625 primis
586 528 706 602 diebus
720 530 839 600 nidum
855 529 1025 602 conficere
1048 527 1174 613 fertur,
1192 528 1330 619 reliquis

311 629 441 722 septem
465 654 602 722 parere,
624 646 723 721 atque
749 630 904 700 educare.
944 628 1031 700 Dies
1051 624 1329 728 Alcyoniosfieri

312 729 401 800 circa
413 725 568 800 brumam
583 750 651 800 non
665 723 795 816 semper
807 729 843 798 in
859 725 974 799 nolitis
989 725 1071 800 locis
1085 725 1260 818 contingit.
1280 725 1328 792 At

310 822 348 896 in
368 823 482 897 Siculo
502 824 605 906 mari,
622 816 707 915 pene
726 821 856 918 semper
880 826 914 898 id
936 826 1057 896 evenit.
1084 823 1173 895 Parit
1191 825 1326 917 Alcyon

299 923 445 1001 ¹circiter
454 925 602 1016 quinque
614 945 690 997 ova.
704 919 795 993 Vide
810 922 911 994 etiam
925 919 949 994 fi
962 921 1087 1012 placet,
1098 943 1167 1018 cop.
1173 921 1327 1016 sequtus.

311 1020 507 1117 Alcyonem
525 1017 677 1092 describit
694 1019 786 1091 idem
805 1019 942 1092 Ariliot.
960 1021 993 1088 in
1018 1021 1089 1092 eod.
1108 1040 1206 1117 opere
1221 1018 1277 1090 lib.
1291 1037 1327 1108 9.

308 1135 445 1213 capuci.
463 1118 526 1190 lic:
551 1119 686 1212 Alcyon
703 1139 772 1187 non
788 1116 897 1190 multd
917 1117 1025 1210 major
1041 1117 1089 1188 est
1104 1116 1247 1210 pallere,
1266 1137 1328 1186 co·

310 1213 385 1288 lore
400 1216 437 1288 dt
452 1217 596 1287 ceruleo
611 1213 648 1288 dt
659 1216 865 1301 ,viridiuurn
882 1215 980 1288 etiam
997 1217 1115 1287 leviter
1133 1235 1329 1309 purpureo,
1411 1236 1415 1303 ῃ

311 1311 352 1386 ἃ
369 1313 505 1406 reliqua.
530 1311 654 1404 Ibique
672 1315 715 1384 de
733 1313 841 1404 specie
858 1311 1117 1391 nidulatlonie&
1128 1312 1224 1406 partu
1240 1306 1328 1402 ejus·

312 1411 394 1480 dem
406 1410 510 1502 leges.
537 1412 631 1486 Vide
646 1411 841 1508 Magium,
856 1412 1147 1498 Holcedoninsunt
1164 1405 1328 1510 opudso·

167 1586 168 1589 ,
311 1531 394 1580 rum
420 1507 488 1578 Ubi
504 1507 622 1580 citatur
639 1508 735 1579 Plinii
752 1507 980 1581 testimonium
996 1534 1041 1584 ex
1057 1507 1171 1582 llbuo.
1195 1525 1327 1603 copgz.

311 1604 372 1698 qui
386 1606 499 1676 omnia
514 1628 558 1678 etc
567 1603 690 1676 Aristo.
703 1605 844 1698 sumpsrt¹
856 1606 888 1679 in
903 1607 986 1678 loeis
999 1605 1114 1680 citatis.
1130 1604 1329 1680 Plutarchus

311 1699 355 1776 dc
370 1727 479 1775 autore
491 1723 661 1799 potentum
672 1704 706 1774 in
714 1702 913 1793 filios‚mite
930 1702 1082 1777 describit
1097 1703 1260 1800 Alcyonis
1276 1702 1329 1770 ni·

311 1802 413 1872 dum:
431 1818 529 1895 atque
541 1802 626 1872 adeo
643 1799 741 1893 ipsrus
756 1801 858 1874 verba
874 1827 1017 1894 ponamt
1043 1803 1233 1901 Alcyonem
1253 1797 1328 1881 fec,

313 1898 449 1990 queso,
461 1897 691 1990 contemplere
701 1940 713 1974 ‚
723 1923 797 1990 quae
810 1896 890 1972 clun
905 1897 936 1972 se
950 1900 1125 1995 gravidam
1141 1893 1329 1988 semiepis—
1420 1945 1421 1994 t

313 1996 415 2070 ciculi
429 1996 567 2074 marini,
578 1993 700 2088 (quem
709 1997 824 2074 Gracci
836 1997 1006 2069 Bellonam
1020 1998 1160 2091 vocent)
1176 1995 1278 2089 spines
1291 1996 1328 2068 itt

312 2094 383 2168 nidi
397 2091 594 2166 llrudluram
608 2097 783 2189 congerit:
802 2118 882 2188 quas
901 2113 991 2167 tanto
1008 2094 1147 2167 artificio
1163 2093 1247 2166 inter
1259 2092 1328 2166 lese
1421 2133 1422 2152 t

313 2191 503 2272 connedlit,
518 2208 554 2262 ut
569 2215 678 2285 neque
693 2189 805 2273 ferro,
825 2215 932 2286 neque
945 2193 1026 2266 saxis
1040 2193 1194 2280 pertundi
1214 2211 1329 2284 queat.

312 2289 356 2361 N
359 2289 402 2359 idi
417 2286 527 2358 forma
539 2289 686 2381 undique
700 2292 864 2370 rotunda,
879 2289 974 2362 inllar
985 2289 1168 2383 piscatoria
1184 2287 1279 2361 nallae
1293 2290 1327 2360 in

313 2385 459 2481 longum
481 2384 727 2485 exaedificatur.
753 2388 799 2458 At
814 2384 897 2461 veri>
922 2386 1027 2481 ipsum
1045 2387 1115 2459 nidi
1131 2411 1168 2459 os
1185 2411 1328 2460 omnem
1423 2450 1424 2467 ἢ

269 2547 273 2564 .
312 2479 568 2557 admirationem
584 2483 722 2575 superat.
755 2485 808 2557 Ita
830 2486 874 2557 ad
889 2487 1040 2575 corporis
1058 2486 1328 2581 magnitudinem

312 2579 440 2655 servata
452 2585 690 2675 proportione:
711 2599 748 2654 ut
763 2583 893 2655 nullum
910 2586 1000 2657 aliud
1014 2585 1155 2667 animal,
1172 2583 1248 2654 licet
1264 2584 1327 2653 Al-

311 2703 424 2775 cyone
445 2680 554 2752 minus
572 2679 632 2762 fit,
656 2681 787 2776 ingredi
810 2699 919 2774 queat.
959 2682 1058 2753 Idem
1077 2680 1272 2753 Plutarchus
1293 2680 1326 2751 in

311 2778 368 2850 tib.
386 2782 426 2852 de
448 2774 612 2871 industria
631 2778 840 2855 animalium,
863 2777 929 2851 hoc
952 2779 1113 2868 prolixius
1136 2780 1326 2871 exequitur.

269 2892 272 2901 '
312 2875 476 2949 Meminit
494 2872 593 2967 hujus
611 2876 749 2948 aviculae
769 2878 816 2949 D.
830 2874 964 2948 Basilius
979 2877 1012 2946 in
1026 2878 1231 2949 Hexotmcro
1247 2878 1329 2949 Ho-

207 3050 210 3057 r
310 2974 382 3049 mit.
396 2977 431 3046 8.
463 2971 684 3046 Meminit&
706 2968 1071 3068 AEl‘opusjnfudulis,
1093 2973 1130 3049 ὅ(
1143 2972 1328 3047 Lucienus.

310 3070 475 3147 Fabulam
489 3068 664 3166 Ceycis&
679 3071 843 3165 Alcyonis
859 3069 971 3143 multis
987 3070 1100 3147 verbis
1116 3088 1221 3143 narrat
1236 3071 1327 3143 Ovi·

308 3172 388 3245 dius
408 3171 443 3241 in
461 3168 518 3240 til.
531 3188 587 3243 11.
608 3170 789 3239 Metamor.
867 3194 871 3202 ·
1161 3203 1165 3213 ·
1193 3230 1197 3239 .

213 3338 216 3343 .
360 3270 429 3342 His
443 3286 580 3364 comptae
592 3266 815 3363 Halcyones.)
840 3254 949 3335 Varie
965 3260 1121 3358 scriptum
1134 3266 1244 3358 reperi
1257 3264 1330 3339 hoe

307 3389 456 3444 nomen:
481 3366 536 3438 alii
560 3365 650 3436 enim
673 3364 806 3433 codices
834 3356 946 3433 inore
972 3386 1051 3437 curn
1073 3366 1163 3436 tenni
1187 3362 1329 3455 spiritu,

308 3469 367 3544 atii
391 3486 472 3539 cum
485 3458 600 3537 ccasio.
637 3459 736 3531 Unde
751 3459 806 3532 alii
821 3460 968 3533 scribunt
984 3462 1140 3559 Alryorn
1161 3460 1215 3533 alii
1236 3462 1330 3534 Hol-

306 3590 405 3741 332
422 3559 710 3735 Τῑῆἵίἀὶὸἶζὶυω
731 3557 766 3629 in
782 3578 815 3635 1.-
834 3561 953 3657 Georg.
975 3557 1010 3631 in
1036 3559 1094 3633 illo
1115 3554 1234 3641 versu,
1251 3558 1331 3645 'Di-

476 3681 520 3732 ctr
681 3679 751 3729 nes.
817 3712 820 3719 .

253 3786 256 3791 ·
359 3759 552 3838 Laetuserit
565 3680 705 3838 Cocyti.)
720 3752 942 3848 Perfiguram
954 3750 1333 3851 Metonymiamdixit,

289 3941 291 3954 ¹
308 3879 349 3939 ut
358 3854 565 3936 Terentius,
580 3854 784 3927 senecam
793 3849 835 3927 (5
847 3853 995 3929 Recio.
1005 3848 1109 3949 friget
1118 3852 1246 3930 Venus.
1261 3853 1330 3925 Ce-

308 3986 365 4035 res
380 3972 494 4034 autem
509 3950 598 4024 diua
609 3947 777 4045 elhquasr
788 3952 890 4025 Getes
899 3947 939 4035 ‚ir
952 3955 1121 4045 gerendo,
1131 3948 1226 4047 qudd
1239 3966 1332 4027 tetre

302 4051 535 4154 deratomnia.
727 4082 731 4085 ·
1185 4032 1335 4135 Duc„
