3175 4825
351 439 403 536 '98
559 437 863 514 nonnette.
901 453 958 509 tn
995 437 1164 522 Anna.

351 578 419 634 tam
445 557 592 634 mittunt.
642 559 820 634 Prosesilus
850 556 894 632 eb
926 561 1089 655 Tyrtacus
1119 554 1352 656 magistratibus

351 657 391 734 ἅ
408 655 571 732 militibus
594 657 793 754 elegiaca&
810 656 1002 750 anapaellica
1023 658 1176 730 recitavit
1199 659 1352 739 carmina,

351 754 476 848 quibus
497 778 618 830 cotum
641 757 771 830 animos
790 757 833 828 ad
856 755 1010 851 bellicam
1034 756 1168 830 laudern
1189 752 1354 830 excitabat.

351 853 429 929 Itur
465 852 499 924 in
524 850 662 927 bellum.
714 853 917 926 Anaxander
943 855 1262 946 Spartanorumrex
1282 866 1352 924 erat.

351 947 603 1023 Aristomenem
622 949 824 1047 Leginnarii
845 973 889 1024 ex
913 949 1085 1024 Messeniis
1108 952 1280 1048 ossoginta
1306 949 1355 1020 se·

353 1047 431 1120 leui
454 1047 708 1124 comitabantur.
750 1049 824 1140 Qui
843 1050 1211 1122 contraslnaxandrum
1223 1049 1259 1124 δι
1273 1045 1354 1137 prin·

353 1143 445 1238 cipes
474 1143 813 1222 Lacedaemoniorum
837 1143 1062 1237 imperterrito
1090 1146 1204 1219 animo
1233 1148 1355 1217 irruen-

352 1253 426 1324 tes,
450 1245 652 1337 vulneraque
676 1242 880 1336 excipientes
903 1244 1037 1317 audacia
1051 1239 1089 1317 &
1105 1243 1356 1335 temporeAna·

352 1339 471 1414 atandri
492 1341 614 1414 milites
635 1339 815 1438 fugabant.'
848 1339 928 1411 Hos
949 1359 986 1412 ut
1014 1336 1273 1433 insequerentur,
1291 1338 1356 1411 aliis

353 1437 598 1512 Messeniorum
615 1438 771 1530 pracepit
785 1435 1022 1510 Aristomenes.
1054 1437 1128 1530 lpse
1141 1457 1254 1512 autem
1271 1436 1355 1510 fauo

351 1533 388 1606 in
411 1532 492 1608 alios
509 1535 666 1628 impetu,
693 1535 750 1628 qui
771 1531 916 1607 maxime
943 1533 1152 1616 resistebant,
1181 1536 1357 1627 iisdemque

352 1630 389 1706 vi
413 1628 574 1724 repulsis,
592 1633 634 1704 ad
654 1630 737 1705 alios
758 1629 867 1705 rursus
888 1629 936 1703 est
954 1630 1142 1707 conversus
1182 1631 1275 1708 Ciun
1297 1630 1358 1702 hos

274 1779 277 1789 ι
353 1751 490 1823 quoque
513 1725 636 1821 absque
661 1751 757 1804 mota
778 1725 978 1821 pepulisset,
1000 1729 1140 1804 alacrius
1164 1729 1232 1824 jam
1251 1728 1285 1800 in
1302 1749 1359 1800 eos

352 1825 495 1920 irmpit,
522 1826 580 1921 qui
595 1825 712 1902 'adhuc
736 1823 953 1898 resistebantz
980 1828 1088 1898 donec
1118 1843 1223 1900 totam
1249 1827 1359 1900 Laco-

352 1943 439 1996 num
460 1922 567 1998 aciem
591 1923 804 2016 perturbavit.
847 1920 941 1996 Cum
963 1922 1047 1997 verb
1070 1947 1143 1996 non
1165 1923 1233 1998 fine
1255 1922 1360 2016 turpi·

354 2019 472 2093 tudine
492 2021 669 2116 fugerent,
688 2017 812 2095 &vim
830 2019 986 2092 suslinete
1006 2045 1074 2094 non
1093 2019 1240 2113 pollent,
1257 2020 1361 2093 botri·

258 2190 260 2199 ,
353 2113 454 2190 bilius
478 2140 559 2200 coe,
582 2114 683 2210 qnam
703 2139 765 2210 pro
786 2118 886 2190 unius
905 2117 1051 2191 hominis
1076 2118 1190 2190 surore
1209 2115 1363 2212 inseque-

353 2212 460 2286 batur.
502 2211 559 2284 Ibi
585 2237 628 2284 ne
654 2237 777 2310 pyrum
807 2212 999 2309 sylvestrem
1023 2217 1059 2288 in
1087 2239 1210 2309 campo
1236 2233 1363 2290 enatam

353 2307 451 2382 cursu
475 2308 774 2402 praeterveheretur
799 2309 1052 2397 Aristomenes,
1079 2313 1249 2405 prohibuit
1274 2332 1365 2387 vates

354 2403 543 2481 Thenclus.
592 2408 649 2479 Ad
682 2406 765 2481 hanc
800 2409 891 2479 enim
923 2409 1098 2485 Callonem
1125 2409 1380 2487 &Pollucem

354 2503 440 2575 dixit
472 2502 658 2577 subsedisse.
710 2503 937 2579 Aristomenes
958 2530 1071 2581 autem
1095 2507 1175 2581 cbm
1200 2505 1367 2582 essrarnatb

353 2601 518 2681 serretur,
547 2626 670 2700 pyrum
698 2602 923 2695 praeterlapsos
944 2605 1076 2680 scutum
1098 2604 1213 2679 amisit.
1255 2608 1369 2697 Quod

355 2700 449 2771 dum·
466 2704 607 2793 quaerit,
631 2700 728 2773 multi
761 2701 1096 2782 Lacedaemoniorum
1119 2702 1202 2795 suga
1228 2701 1370 2777 salutern

313 2840 314 2843 =
354 2792 565 2889 quaesterunt.
607 2794 682 2869 Poll
708 2817 880 2889 acceptam
906 2800 1034 2872 cladem
1059 2798 1136 2870 cbm
1166 2794 1242 2868 esset
1270 2798 1373 2895 abje·
1422 2799 1423 2802 '

353 2892 430 2964 dlus
457 2893 679 2977 Laconibus,
711 2918 822 2986 neque
850 2895 916 2985 jam
942 2897 1082 2986 amplius
1109 2915 1199 2967 arma
1231 2894 1375 2971 sumere
1422 2975 1424 2983 p

355 2986 554 3072 slatuiffent,
577 2991 763 3084 Tyrtaeus,
784 2989 926 3059 recitatis
950 2992 1075 3086 elegis,
1106 2988 1261 3082 persuasit
1292 2997 1376 3076 eis,

355 3100 395 3157 ut
417 3106 507 3158 arma
528 3109 595 3157 non
622 3084 827 3174 abjicerent,
847 3084 903 3155 sed
926 3086 1011 3159 bella
1032 3085 1243 3180 capesserent.
1287 3092 1376 3163 Ari-

354 3179 496 3255 llomeni
521 3199 631 3255 autem
661 3176 861 3255 Andamiam
884 3184 1017 3255 reverso
1042 3207 1183 3259 coronas
1208 3188 1379 3263 mulieres

355 3277 529 3376 &fruges
551 3279 735 3376 injecerunt
744 3322 766 3360 ,Ι
785 3276 951 3353 canticum
972 3280 1164 3378 hujusmodi
1190 3287 1381 3359 concinen·

359 3391 438 3461 lest

404 3477 447 3545 In
468 3476 607 3547 medium
629 3494 773 3571 campum
792 3476 1037 3577 Stenyclerinn,
1061 3477 1352 3574 &jugastrensis
1422 3471 1423 3474 ¹

354 3564 391 3659 Γ
454 3570 634 3669 Spartanos
650 3572 801 3668 seqnitur
820 3570 924 3662 fortis
944 3572 1169 3668 Aristomenes.

357 3662 587 3743 Aristomenes
609 3668 683 3763 poll
705 3664 783 3743 h'aec'
802 3668 957 3761 Delphos
980 3670 1027 3742 esl
1048 3668 1236 3768 profeslus:
1270 3667 1386 3745 ct'rm·

356 3785 425 3856 que
449 3786 493 3835 etr
520 3764 651 3839 Boeotia
672 3768 816 3849 rediret,
839 3765 876 3835 in
900 3767 1028 3861 templo
1062 3767 1288 3862 Trophonii,
1318 3794 1387 3842 re-

355 3859 486 3945 velante
510 3862 649 3956 Pythia,
675 3864 801 3936 invenit
827 3861 976 3943 scutum,
1004 3888 1073 3957 quo
1097 3887 1235 3959 accepto
1256 3913 1272 3953 ,
1297 3891 1389 3939 ma-

356 3956 428 4051 jora
450 3958 611 4031 continub
633 3958 680 4033 ell
699 3956 880 4058 aggressus.
918 3960 1080 4055 Namque
1101 3960 1280 4040 observato
1298 3966 1393 4038 ves-

1419 650 1421 687 l

353 4054 487 4149 pertine
521 4074 676 4166 tempore
705 4062 753 4131 in
784 4058 949 4154 oppidum
980 4059 1095 4139 Pharis
1129 4061 1395 4158 Spartanorum

362 4204 366 4215 ,
444 4180 447 4189 ·
1292 4182 1396 4254 per-
