3175 4825
350 331 1092 414 Ancraannrauau.CLXXX.
1166 355 1236 430 3²1

243 459 375 552 quitum
387 461 492 536 leonis
507 461 669 535 exuviurn
682 459 817 531 indutus
831 457 888 538 lit,
900 477 973 531 tum
985 459 1109 534 clavam
1123 437 1243 535 deintra

210 586 214 613 ι
242 571 364 637 teneat,
385 580 459 634 tum
481 561 670 650 pharetram
685 556 833 628 humeris
851 569 992 647 aptatam
1012 579 1146 649 portet,
1164 577 1242 628 tum

239 677 343 727 arcum
361 657 493 732 tensum
506 658 588 731 laeva
600 656 791 746 praetendat.
825 653 982 746 Denique
997 657 1107 726 modis
1126 654 1237 727 omni·

239 750 296 822 bus
309 754 476 828 Hercules
491 754 549 826 ell.
583 752 671 824 Haec
688 752 847 842 equidem
865 748 1039 823 arbitrabar
1055 753 1089 822 in
1101 755 1241 828 Graeca·

239 849 386 924 nieorum
404 854 561 924 Deorum
576 849 815 922 contumeliam
835 869 1013 941 perperam
1033 847 1140 922 facere
1156 849 1240 925 Gal·

240 947 305 1016 los:
319 974 425 1041 quum
442 973 522 1021 eum
541 946 706 1041 ejusmodi
719 945 886 1042 fingerent
905 943 1039 1042 effigie,
1052 969 1121 1038 quo
1140 947 1242 1018 nimi-

240 1067 309 1140 rum
322 1046 418 1116 illum
439 1044 558 1117 talibus
575 1045 712 1137 picturis
727 1040 983 1124 ulciscerentur,
998 1044 1092 1137 quod
1109 1041 1189 1114 olim
1206 1045 1240 1116 in

242 1142 412 1236 regionem
432 1141 580 1235 ipsorum
600 1143 747 1234 praedam
767 1163 869 1235 agens
888 1139 922 1210 id
948 1141 1136 1232 temporis,
1158 1137 1241 1212 chm

242 1239 408 1334 Geryonis
428 1255 574 1313 armenta
595 1237 782 1332 vestigans,
801 1237 1071 1311 occidentalium
1088 1239 1244 1332 gentium

239 1334 402 1430 plerasque
418 1337 575 1434 regiones
589 1333 798 1427 pervastaret.
832 1335 877 1404 At
893 1337 1044 1410 nondum
1057 1337 1158 1406 etiam
1174 1329 1245 1408 dixi

238 1431 270 1501 id
289 1436 469 1528 quoderat
486 1435 519 1503 in
534 1429 678 1528 imagine
692 1421 839 1504 maxime
854 1439 981 1506 hovum
998 1453 1097 1527 atque
1117 1431 1244 1506 miran-
1307 1463 1310 1470 ·

239 1531 332 1603 dum.
368 1532 540 1625 Siquidem
553 1527 721 1600 Hercules
737 1527 791 1598 ille
810 1525 909 1600 senex
929 1529 1101 1624 ingentem
1125 1533 1245 1602 admo-⁴

238 1628 320 1698 dum
334 1627 512 1701 hominum
535 1625 783 1702 multitudinem
806 1623 903 1704 trahit
926 1627 1082 1700 omnibus
1102 1629 1143 1697 ab
1163 1651 1244 1717 aure

236 1724 403 1797 revindis
456 1724 564 1797 Porro
586 1722 717 1795 vincula
741 1718 813 1792 sunt
839 1721 1000 1810 catenulae
1023 1742 1138 1794 tenues
1162 1747 1246 1798 auro

236 1820 406 1893 eleardve
428 1821 615 1901 confeblae,
630 1817 863 1910 pulcherrimis
878 1817 946 1890 illis
962 1819 1141 1891 monilibus
1163 1819 1247 1892 adli·

235 1919 341 1992 miles.
377 1919 482 2014 Atqui
501 1941 606 2011 quum
623 1916 762 1988 vinculis
778 1914 881 2008 usque
897 1919 981 1988 adeo
997 1913 1167 2014 fragilibus
1188 1919 1250 1988 du·

235 2035 375 2092 cantura
391 2034 502 2089 tamen
516 2013 598 2085 nihil
612 2015 654 2084 de
674 2012 838 2109 fugiendo
854 2014 1024 2106 cogitant:
1046 2013 1250 2109 quumalio-

234 2115 295 2209 qui
317 2110 499 2186 commodb
514 2111 662 2203 pollent,
681 2134 791 2203 neque
809 2111 939 2203 prorsus
963 2109 1176 2194 obnituntur,
1191 2123 1250 2183 aut
1363 2169 1373 2187 ,,

235 2209 385 2303 pedibus
411 2209 566 2284 adverlits
588 2206 771 2280 trahentem
797 2208 1003 2291 obtendunt,
1028 2203 1096 2282 tete
1120 2205 1252 2300 resupi-

233 2326 376 2383 nantes:
404 2304 523 2379 verbm
542 2305 664 2378 alacres
689 2330 726 2379 ae
751 2307 818 2379 laeti
841 2304 1042 2401 sequuntur,
1069 2309 1252 2381 ducentem

236 2409 464 2488 admirantes,
483 2399 573 2477 ultrb
588 2401 772 2479 festinantes
797 2428 935 2477 ornnes:
962 2403 999 2478 ὃ(
1026 2405 1138 2480 laxatis
1158 2401 1252 2478 funi·
1335 2458 1343 2475 .

236 2505 348 2587 culis,
370 2506 469 2576 etiam
490 2520 691 2573 antevertere
706 2501 891 2573 studentes:
909 2503 1047 2593 perinde
1064 2502 1154 2596 quast
1171 2526 1253 2597 gra-

234 2603 328 2676 viter
352 2597 492 2672 laturisr
516 2598 720 2672 solverentur
737 2598 889 2669 vinculis.
929 2600 987 2669 Ne
1008 2598 1090 2669 illud
1114 2600 1254 2693 quidem
1352 2664 1355 2677 ‚

233 2697 372 2794 pigebit
389 2696 532 2779 referre,
553 2698 644 2786 quod
665 2693 750 2764 mihi
765 2692 941 2765 videbatur
964 2696 1117 2766 omnium
1140 2689 1256 2767 abiur-

237 2796 425 2868 diffimum.
467 2793 603 2863 Etenim
628 2788 707 2864 cum
733 2814 803 2859 non
821 2789 984 2861 inveniret
1008 2790 1137 2882 pidlor,
1163 2792 1255 2863 unde

237 2893 472 2968 catenularum
494 2889 637 2961 summas
651 2886 740 2959 ansas
757 2886 927 2958 nederet:
944 2886 1102 2959 videlicet
1119 2891 1256 2961 dextera

236 2991 311 3083 jam
329 2990 477 3071 clavam,
498 2987 580 3060 laeva
597 3008 711 3058 arcum
731 3002 884 3067 tenente,
906 2981 1069 3056 summam
1094 2986 1166 3056 Dei
1192 2984 1256 3053 lin·

238 3084 626 3183 guam-perterebravit:
652 3103 750 3175 atque
770 3101 814 3152 ex
834 3078 897 3155 hac
925 3080 1257 3176 religariseatenulis
1289 3144 1293 3151 ,

238 3207 303 3256 eos
317 3182 400 3254 trahi
422 3181 511 3252 fecit.
545 3180 619 3273 Ipse
635 3180 797 3251 nimirum
821 3182 862 3249 ad
884 3181 1018 3273 eosqui
1044 3178 1254 3251 ducebantur

239 3277 433 3373 vultum&
446 3280 563 3349 oculos
577 3276 791 3349 convertebat
808 3275 964 3347 arridens.
989 3275 1082 3347 Haec
1092 3298 1159 3370 ego
1175 3270 1255 3346 clim

240 3380 369 3458 diutius
390 3372 527 3448 aflillens
550 3374 650 3444 ellem
668 3376 932 3462 contemplatus,
955 3372 1137 3454 admirans,
1163 3368 1262 3443 haelin

241 3495 339 3552 tans,
352 3465 548 3567 indignans,
559 3470 683 3546 Gallus
698 3468 879 3563 quispiam,
890 3471 948 3562 qui
961 3471 1100 3561 propius
1116 3468 1257 3551 astabat,
1287 3539 1290 3545 ,

240 3572 441 3645 nollratium
456 3566 625 3641 literarum
640 3590 708 3637 non
724 3568 876 3638 indodlus
893 3566 954 3655 (id
970 3571 1060 3659 quod
1079 3566 1260 3638 declaravit
1300 3633 1306 3643 ,

240 3695 355 3766 quum
368 3667 600 3745 Graeanicam
624 3664 774 3757 linguam
794 3662 942 3734 absolute
963 3661 1118 3756 sonaret)
1145 3664 1263 3757 philo·

244 3766 395 3859 sophus,
418 3765 558 3855 opinor,
581 3786 624 3834 err
640 3786 683 3830 eo
700 3782 825 3854 genere
849 3759 1148 3852 philosophorum,
1168 3758 1262 3854 quod
1379 3815 1382 3824 .

239 3868 339 3959 apud
356 3859 495 3959 eos-elle
509 3860 623 3934 fertur.
646 3859 725 3951 Ego
740 3855 951 3947 tibi,h0spes
964 3857 1105 3951 (inquit)
1121 3860 1259 3951 piciurae

245 3966 342 4040 itlius
367 3958 511 4055 aenigma
526 3955 724 4049 explicabo:
749 3978 826 4025 narn
845 3956 959 4031 videre
982 3954 1198 4031 vehementer
1221 3950 1264 4021 ad

246 4140 253 4168 Ι,
322 4056 515 4144 truantur·
529 4057 632 4194 Opq,
656 4051 847 4174 Iomlll.
975 4048 1020 4127 X
1188 4068 1264 4119 eam
1353 4118 1359 4129 ,
