3175 4825
373 407 614 484 'Auernus
648 407 1098 486 Eusoru.CXV11;
1178 427 1251 502 233

256 618 257 624 η
296 518 347 602 ‘At
363 528 481 623 finceri
496 533 634 626 urrinni.)
659 533 767 604 Albus
787 531 822 604 in
836 533 996 624 pallorem
1011 533 1151 608 delinita
1170 557 1252 606 can-

254 620 344 697 didus
369 631 484 718 purior
507 629 576 708 est,
598 630 634 705 &
659 629 791 700 nivibus
813 628 946 700 firnilisr
969 629 1039 704 sunt
1067 630 1252 743 qui'quitn

254 721 393 795 maxime
421 727 569 798 candenti
596 725 666 818 igni
688 727 850 818 equalem
876 726 1007 799 ferunt:
1031 731 1147 806 Graecr
1174 747 1250 812 ολι-

252 816 380 898 ultroneo
405 822 559 895 videntur
584 821 697 894 dixille
719 823 834 896 album
862 824 1040 908 colorem,
1061 826 1116 897 cui
1137 827 1252 906 nescio

252 915 328 1008 quid
355 918 502 990 flammei
516 921 713 996 ,admixtum
738 919 787 992 fit.
825 920 985 993 Alciatus.

295 1014 387 1086 Hinc
402 1015 568 1116 ⁸syrulus)
597 1016 720 1089 Cicero
738 1039 779 1092 2..
803 1019 843 1088 δι’
862 1015 978 1114 legib.
1010 1015 1119 1090 Color
1138 1033 1252 1090 autem
1280 1002 1288 1036 ⁶

252 1108 342 1182 albus
377 1109 542 1204 praecipu‘e
568 1115 709 1186 decorus
735 1115 815 1186 Deo
845 1111 892 1184 est
924 1112 1000 1185 tum
1026 1111 1060 1184 in
1095 1114 1251 1196 caeteris,

250 1204 320 1277 tim
346 1208 491 1282 maximi
522 1211 555 1280 in
584 1209 715 1284 textili:
742 1209 841 1284 rinch
873 1207 957 1283 veto
991 1207 1121 1296 absint,
1145 1207 1252 1282 oifi'a

251 1303 376 1377 bellicis
401 1306 593 1402 inlignibus.

292 1405 373 1474 Nos
390 1403 528 1500 sperare
554 1407 683 1494 docet.)
710 1403 842 1480 Viridis
869 1403 966 1476 color
988 1402 1045 1499 qui
1073 1429 1118 1478 ex
1143 1403 1250 1503 chry·

248 1497 369 1594 socolla
394 1502 447 1574 vel
478 1502 626 1596 aerugine
651 1500 715 1581 fit,
741 1507 782 1574 ad
815 1499 991 1572 satietatem
1020 1501 1116 1576 vitet.
1161 1502 1250 1575 Alci.

247 1594 303 1667 De
332 1595 397 1669 hoc
426 1600 568 1669 diximus
591 1597 626 1667 iu
652 1599 811 1671 emblem.
833 1601 873 1669 dr
900 1600 977 1692 Spe.

290 1689 349 1788 Est
375 1693 482 1790 cupidi
499 1694 652 1790 flavus.)
686 1695 868 1790 Aliquanto
896 1692 1015 1764 clarior
1041 1691 1087 1764 est
1118 1691 1252 1776 flavus,

249 1813 349 1882 quem
377 1795 525 1864 colorent
547 1792 727 1864 amentium
750 1815 857 1866 comae
879 1790 1080 1874 attribuunt,
1104 1787 1251 1886 ite'mque

248 1883 416 1980 segetibus
441 1889 587 1963 maturis.
630 1889 749 1962 Alciat.

294 1988 349 2055 Ar
373 1987 506 2081 ruber.)
532 1985 650 2059 Ruher
674 1984 731 2058 seu
754 1983 848 2056 rufus
876 1985 971 2058 color
991 1982 1108 2064 ‚multis
1132 1979 1252 2052 dillin-

247 2080 364 2174 guitur
388 2084 484 2154 notis.
524 2084 654 2178 Aliquis
679 2106 723 2156 ex
745 2081 936 2154 sandaracha
960 2080 1022 2159 fit,
1047 2081 1105 2174 qui
1130 2080 1171 2150 ad
1194 2077 1251 2146 sa-

247 2179 399 2251 tietatem
425 2177 597 2254 flammeus
621 2177 684 2259 etl,
711 2176 780 2252 &a
803 2177 1012 2252 limilitudine
1036 2178 1123 2273 ignis
1148 2171 1251 2273 nuliis

248 2275 381 2347 dicitur.
425 2275 567 2350 Burrum
590 2293 719 2350 veteres
742 2276 853 2349 Latini
880 2277 1045 2349 dixerunt.
1082 2274 1179 2346 Alius
1207 2296 1252 2346 ex

247 2371 415 2447 cinnabari
442 2375 630 2467 concipitur
654 2372 821 2467 aliquanto
849 2374 1047 2458 coloratior,
1072 2367 1163 2466 arripi<
1190 2395 1251 2461 ap·

247 2472 388 2561 pellatur
408 2468 540 2545 Graeet.
581 2470 639 2543 Est
664 2471 701 2546 δι
726 2468 881 2542 Oilrinus
907 2473 1002 2542 color
1025 2473 1083 2563 qui
1105 2473 1142 2543 (lc
1164 2490 1251 2561 pur·

246 2590 388 2657 puteus.
429 2566 550 2643 Alciat.
583 2570 641 2638 De
666 2566 732 2636 hoc
757 2568 836 2635 vide
855 2565 1032 2657 pulchrum
1057 2567 1091 2635 in
1112 2563 1252 2651 Miscel-

246 2664 353 2737 laneis
387 2664 545 2737 Politiani
578 2685 647 2760 cap.
669 2682 726 2738 η.
768 2661 984 2732 Plutarchum
1013 2662 1047 2729 in
1083 2665 1252 2758 apopltrg.

245 2761 427 2833 Laconum.
465 2762 616 2835 Lacones
640 2753 784 2849 (inquit)
803 2759 839 2825 in
862 2757 956 2827 bellis
980 2755 1159 2828 utebantur
1180 2758 1253 2828 Pu·
1298 2794 1302 2801 ·

243 2859 352 2930 niceis
377 2859 522 2937 tunicis,
546 2854 643 2936 five,
673 2852 765 2948 quod
789 2853 845 2923 hic
871 2854 967 2925 color
988 2851 1161 2926 videbatur
1188 2852 1253 2924 illis

244 2954 389 3046 aliquid'
408 2952 530 3027 habete
555 2953 675 3026 viriles
707 2949 795 3034 live,
820 2948 911 3043 quod
937 2948 1106 3047 sanguinei
1128 2949 1252 3022 coloris

172 3048 173 3053 ’
243 3050 354 3124 mbor
389 3052 461 3142 plus
497 3050 630 3123 terroris
663 3051 825 3121 incuteret
861 3046 1025 3120 bellorum
1057 3047 1251 3140 imperitis:

246 3144 342 3225 live,
366 3172 409 3219 ne
436 3148 585 3240 protinus
610 3144 827 3236 conspicuum
849 3144 926 3216 ellet
951 3141 1099 3215 hostibus
1126 3141 1150 3212 li
1178 3140 1253 3235 quis

247 3246 372 3318 vulnus
399 3242 594 3336 accepillet,
618 3242 674 3315 sed
694 3242 819 3316 utiliter
837 3242 952 3315 lateret
970 3241 1017 3313 ob
1032 3236 1160 3315 vestem
1181 3238 1253 3317 san·

248 3344 347 3438 guini
377 3345 602 3415 concolorem.

298 3440 426 3512 Indirrr
439 3439 481 3511 θ
495 3440 649 3534 pueros.)
675 3436 851 3532 Diogenes
870 3435 959 3531 apud
980 3432 1151 3507 Laenium
1171 3428 1253 3503 clun

252 3536 378 3609 vidillet
401 3558 544 3628 puerum
562 3535 686 3609 rubore
707 3532 899 3624 perfusum,
924 3531 1073 3623 Confido
1097 3529 1162 3608 air,
1175 3528 1253 3620 fili,

253 3630 498 3727 hujusmodirll
531 3632 664 3708 virtutis
694 3631 791 3702 color.
839 3630 933 3705 Vide
964 3627 1099 3702 Aristot.
1127 3627 1163 3699 in
1195 3623 1252 3699 lib.

254 3730 307 3804 De
327 3728 492 3802 Moribus.

299 3827 464 3900 Caeruleus
494 3825 650 3916 nautas.)
682 3822 857 3901 Caetuleus
884 3822 938 3896 vel
962 3818 982 3894 'a
1008 3822 1126 3902 Caelo,
1150 3817 1205 3894 vel
1227 3812 1252 3925 ‚ir
1316 3868 1319 3874 .

253 3924 381 3998 carun
406 3922 558 3999 avicula,
588 3946 661 4019 quae
687 3923 725 3996 lle
755 3916 853 3993 mar&
886 3922 1015 3994 dicitur.
1067 3919 1140 3993 Hic
1168 3916 1253 3987 a'e'rls

252 4024 347 4099 color
371 4017 437 4107 etl,
457 4014 605 4115 itemque
628 4020 795 4115 tranquilli
816 4018 928 4097 mun·
961 4018 1084 4104 Alciat
1154 4104 1251 4189 Viuo
