3175 4825
329 387 403 482 ⁸3⁶
528 391 925 468 Commaumrr
960 389 1125 462 Auum·
1412 444 1413 481 ἦ

378 509 448 582 Luc
473 504 568 582 dabar
590 513 650 584 illa
666 515 757 591 Deo,
775 510 839 600 scd
853 509 962 605 fregit
988 509 1023 580 in
1048 509 1163 580 arbore
1186 533 1308 582 cornu.-
1412 536 1413 581 t

427 605 619 702 Truncaque
642 607 774 697 dimidiu
795 629 892 706 purte
913 605 1038 678 decoris
1058 627 1139 678 erut.

275 784 279 790 ,
381 699 514 796 Sustulit
533 706 591 774 hor
611 705 779 806 Nynplm
799 701 965 801 cinxitque
986 702 1168 776 decentibus
1183 699 1310 782 liudis,

429 803 473 870 Et
495 801 627 893 plenum
645 803 752 896 pomis
773 803 818 873 ad
839 803 933 874 ravis
956 823 1014 869 ora
1036 800 1122 870 sulit.

382 895 447 966 ltu
474 897 528 968 ubi
552 921 604 971 res
627 899 843 976 celsimen,
858 894 1009 991 solitique
1030 915 1166 989 paterno
1306 926 1311 934 ·

430 993 541 1066 Scditr
567 994 609 1068 Θ
632 993 754 1068 invidio
777 995 825 1066 nil
848 995 932 1087 Jove
957 993 1060 1086 majus
1085 1013 1183 1064 erut:

382 1088 499 1162 Sidera
523 1092 691 1162 nutrirem:
723 1093 861 1162 nutricis
878 1087 995 1179 fertile
1018 1113 1119 1161 cornu

428 1188 539 1264 Fecit,
562 1187 645 1282 quod
668 1188 802 1260 dominae
824 1211 909 1258 nunc
931 1210 1051 1281 quoquc
1072 1207 1183 1255 nomm
1205 1179 1310 1252 liniet.

355 1353 361 1358 ,
383 1283 559 1380 Anguibus
583 1285 781 1377 implicitis.)
806 1282 959 1356 Erasmus
982 1285 1024 1352 ‘in
1049 1283 1183 1376 Adagio
1213 1275 1336 1367 Cafflo-

336 1375 419 1447 tirus
446 1381 563 1450 nodus.
613 1380 656 1449 In
680 1383 828 1452 caduceo
855 1377 1020 1475 (inquit)
1043 1375 1240 1452 Mercuriali
1264 1377 1338 1446 duo

335 1467 408 1542 sunt
434 1471 617 1566 serpentes,
637 1473 849 1550 masculus&
862 1474 1022 1555 foemina,
1046 1477 1103 1568 qui
1119 1475 1234 1554 medio
1258 1494 1339 1542 cor·

335 1589 459 1656 porum
483 1573 662 1663 complexu
681 1576 809 1646 nodum
834 1570 983 1646 efficiunt
999 1571 1240 1645 Herculanum.
1278 1567 1339 1638 Ab

335 1685 379 1734 eo
402 1665 550 1759 lupernae
565 1686 673 1758 partes
692 1669 735 1740 fic
757 1673 797 1742 ad
817 1667 991 1754 osculum,
1010 1691 1045 1741 ut
1062 1668 1152 1738 flexu
1168 1665 1338 1737 circulum

334 1759 506 1837 efficiant:
540 1766 673 1840 infernae
702 1767 795 1840 simili
822 1765 913 1838 flexu
937 1769 978 1837 ad
1013 1767 1149 1837 caducei
1180 1763 1341 1854 capulum

337 1879 554 1935 revocantur:
581 1888 645 1957 qua
667 1881 757 1953 parte
779 1863 861 1934 item
887 1866 998 1937 caudae
1019 1865 1141 1934 coe'unt
1156 1857 1338 1952 utriusque.

335 1949 438 2027 Hanc
460 1959 641 2055 imaginem
664 1960 799 2032 caducei
819 1956 927 2031 adhuc
946 1961 1060 2032 videre
1085 1957 1131 2027 eli
1151 1958 1185 2026 in
1210 1955 1339 2028 nuruis·
1412 1942 1413 2007 Ὗ

337 2054 479 2128 maribus
493 2059 641 2148 antiquis.
667 2059 698 2128 E
714 2055 856 2151 quibus,
871 2057 1011 2149 opinor,
1029 2053 1221 2154 symbolum
1239 2051 1339 2125 suum

338 2167 507 2226 mutuatus
532 2152 578 2223 est
601 2154 620 2233 J
624 2175 696 2222 oen.
735 2150 920 2225 Frobenius
941 2149 1171 2250 typographus
1195 2150 1340 2245 diligen·
1412 2196 1413 2199 =

338 2247 477 2320 tiffimus
497 2291 508 2329 ‚
531 2246 591 2318 nist
616 2245 706 2343 quod
730 2251 853 2321 addidit
881 2248 1070 2322 columbam
1098 2246 1225 2337 sceptro
1254 2245 1340 2320 inli-

339 2345 483 2415 dentem.
523 2343 628 2419 Hunc
645 2349 771 2417 nodum
789 2345 963 2419 Mercurio
981 2343 1208 2419 consecrarunt
1225 2346 1340 2442 AEgy·

339 2441 425 2533 prii,
453 2442 624 2515 innuentes
651 2442 779 2517 foedera
813 2467 881 2514 nou
913 2462 1070 2536 oportere
1093 2466 1240 2535 uuquam
1261 2442 1341 2515 'dis-

340 2534 442 2609 solvi:
467 2536 585 2612 verium
605 2540 786 2631 plurimum
804 2540 914 2620 valere
931 2542 1072 2615 debere:
1090 2543 1179 2611 unde
1195 2538 1231 2610 δι
1246 2538 1343 2610 Her-

340 2633 458 2709 culano
483 2660 675 2730 cognomen
698 2639 853 2711 additum.
881 2640 1080 2732 Quanquam
1093 2635 1341 2713 Gattiuhaud

231 2779 236 2785 s
299 2802 302 2810 ,
339 2730 409 2803 l'cio
425 2758 466 2805 an
482 2736 579 2805 etiam
605 2735 759 2831 AEgyptii
782 2760 849 2807 non
872 2737 972 2807 alium
994 2753 1107 2825 putant
1129 2732 1341 2813 Herculem,

341 2828 439 2921 quim
467 2833 688 2905 Mercurium.
730 2830 904 2905 Hactenus
925 2829 1090 2905 Erasmus.
1126 2832 1192 2913 Jul.
1218 2829 1341 2927 Higy-

341 2950 403 2997 nus
426 2929 458 2997 in
483 2928 615 2999 Poi‘tico
647 2924 872 3022 astronomum
894 2949 964 3025 cup.
987 2930 1028 2999 dc
1053 2930 1154 3023 Lyra.
1194 2929 1342 2999 Mercu·

342 3023 427 3104 rius,
450 3025 578 3116 inquit,
603 3020 681 3097 ciun
714 3020 977 3114 proficisceretur
1005 3025 1040 3094 in
1070 3022 1276 3107 Arcadiam,
1301 3021 1343 3099 δι

267 3122 270 3129 “
339 3118 467 3192 vidiffet
498 3122 581 3193 duos
599 3116 771 3193 dracones
796 3120 880 3191 inter
916 3118 948 3192 se
981 3119 1163 3217 eonjundlo
1196 3144 1344 3213 corpore

342 3217 444 3293 aliurn
461 3216 560 3289 alium
583 3236 757 3309 appetere:
781 3218 893 3309 utqui
914 3218 1072 3290 dimicare
1092 3219 1176 3289 inter
1196 3217 1228 3290 se
1245 3219 1345 3289 vide-

342 3314 653 3410 renturivirgulam
669 3312 794 3406 (quam
808 3311 850 3385 ab
862 3312 1020 3407 Apolline
1040 3316 1131 3385 dono
1150 3317 1345 3407 acceperat)

342 3409 429 3483 inter
452 3416 620 3505 utrunque
654 3411 806 3505 projecit.
858 3412 977 3505 Itaque
1007 3408 1236 3487 discelleruntt
1270 3436 1345 3503 quo

344 3507 432 3580 fufio
456 3532 529 3579 eam
558 3509 721 3603 virgulum
747 3508 846 3600 pacis
864 3506 957 3580 causa
986 3508 1069 3581 dixit
1091 3506 1153 3579 elle
1180 3507 1344 3579 constitu-

344 3620 422 3673 tam.
463 3605 627 3685 Nonnulli
651 3606 748 3675 etiam
778 3600 855 3675 cium
879 3606 1002 3676 faciunt
1033 3606 1225 3697 reducem,
1255 3607 1346 3680 duos

345 3702 502 3773 dracones
522 3702 721 3793 implicatos
745 3702 875 3795 virgula
900 3702 1054 3782 iaciunt,
1086 3704 1177 3794 quod
1207 3702 1346 3777 initium

233 3806 238 3815 “
344 3797 518 3870 Mercurio
552 3796 658 3869 fuerat
690 3798 787 3891 pacis.
830 3797 919 3870 Haec
946 3799 1010 3870 itte.
1058 3798 1183 3871 Plinius
1208 3799 1264 3870 lib.
1283 3821 1347 3891 29.

342 3898 464 3970 Noctu.
484 3890 574 3989 ltislo.
608 3913 676 3989 cap.
693 3917 724 3986 3.
752 3892 795 3966 lic
828 3895 895 3966 air:
925 3895 992 3968 Hic
1026 3915 1131 3968 tamen
1160 3896 1346 3991 complexus

340 3992 494 4093 unguium
508 3992 548 4071 (ν
563 3986 768 4087 afflictorum
794 3991 987 4077 concordia,
1002 3990 1095 4083 cause
1115 3994 1244 4069 videtur
1265 3990 1346 4085 effe,

1248 4112 1348 4185 quare
