3175 4825
357 417 436 511 258
512 368 868 490 '‘connnon
906 433 964 518 tn
999 418 1169 491 Attum

426 537 591 628 Umptum
612 537 659 610 eli
683 536 849 612 emblema
869 561 911 608 ex
926 535 1105 611 Macrobio
1119 536 1155 612 dr
1171 539 1247 611 Oto
1263 531 1363 628 lipol·¹

448 632 1416 729 mmmmmmmfflmwp

364 730 454 825 pide
474 773 485 808 ,
509 727 677 804 hilloriam
700 725 825 804 debete
849 730 1021 826 intelligi,
1047 756 1122 826 quae
1147 731 1238 806 viros
1267 730 1366 801 clatos
1410 757 1417 843 Ι

361 826 404 900 δι
433 824 577 920 infignes
602 854 661 918 per
685 847 795 902 totum
832 827 950 920 orbem
984 829 1151 922 predicet.
1201 825 1367 902 Macrobii

365 921 468 998 verba
491 923 562 995 lunt
587 927 760 1015 exprimo
785 929 935 1002 Saturno.
964 947 1033 1023 top.
1044 929 1078 1002 8.
1119 925 1231 1008 Illud,
1248 926 1367 1020 inquit,

366 1045 434 1091 nott
460 1018 630 1095 omiserim
650 1023 809 1095 Tritones
824 1047 913 1096 cum»
927 1020 1076 1095 buccinis
1091 1021 1221 1117 falligio
1239 1018 1365 1094 Saturni

367 1118 447 1190 aedis
473 1115 715 1210 superpositos:
751 1123 908 1212 quoniam
944 1117 985 1190 eb
1012 1118 1084 1214 ejus
1118 1141 1366 1190 commemora·

366 1216 462 1286 tione
480 1217 521 1284 ad
544 1213 685 1285 nostram
704 1234 832 1287 atatem
861 1214 991 1288 hilloria
1017 1217 1120 1300 elatu,
1137 1214 1174 1290 δι
1191 1213 1279 1310 quast
1302 1240 1365 1288 vo·
1417 1220 1420 1268 t

367 1311 446 1383 calis
470 1309 526 1381 eli.
569 1308 657 1385 Ant'e
681 1313 762 1384 veto
786 1332 878 1384 muta
902 1310 938 1385 &
966 1310 1103 1384 obscura
1130 1311 1168 1387 δι
1191 1313 1367 1407 incognite.

368 1409 477 1496 Quod
505 1404 661 1478 testantur
696 1414 809 1482 caudae
844 1408 1031 1485 Tritonum
1055 1408 1151 1481 humi
1185 1409 1301 1481 metsae
1335 1405 1369 1481 &

300 1544 303 1559 ι
366 1502 565 1575 abscondite
597 1507 689 1577 Orus
720 1503 762 1577 stc
795 1507 838 1576 ait
867 1506 921 1578 tto.
950 1510 990 1579 de
1014 1507 1163 1604 Hierogl.
1213 1507 1370 1604 AEgyptii
1411 1474 1420 1576 l

365 1605 532 1690 mundum
566 1598 748 1697 significate
775 1604 953 1687 volentes,
979 1602 1165 1696 serpentem
1199 1605 1370 1699 pingunt,
1413 1620 1418 1686 t

366 1694 460 1768 suam
490 1694 588 1788 iplius
621 1701 759 1770 caudam
788 1703 1030 1785 devorantem,
1062 1699 1249 1772 distindium
1273 1700 1371 1773 variis
1414 1687 1419 1812 l

290 1884 293 1893 Ι
366 1791 537 1888 squamis,
562 1819 621 1887 pet
645 1819 724 1888 quas
747 1798 864 1872 mundi
886 1797 965 1868 alita
987 1797 1139 1892 figurant.
1182 1799 1227 1870 Et
1247 1795 1371 1894 gravis·
1419 1817 1420 1820 ’

297 1936 299 1945 ·
367 1891 490 1963 fimum
505 1893 640 1984 quidem
663 1891 729 1963 hoc
743 1895 863 1966 animal
884 1892 949 1976 eli,
966 1897 1249 1990 quemadmodum
1274 1913 1370 1967 terre.

291 2016 294 2021 ⁴
367 1989 426 2061 Eli
450 1992 550 2061 etiam
575 1989 760 2071 lubricum,
782 1991 870 2066 &in
894 1990 961 2060 hoc
980 2014 1073 2084 aquae
1094 1990 1220 2076 simile,
1244 2017 1282 2064 tc
1308 1991 1370 2062 lin·

368 2087 455 2183 gulo
477 2109 623 2182 quoque¹
638 2110 723 2157 anuo
748 2089 869 2177 pellem
892 2085 957 2158 unit
983 2112 1061 2160 cum
1088 2086 1177 2160 senio
1194 2092 1307 2176 exuit,
1323 2088 1371 2160 se·

278 2233 283 2241 -
368 2183 516 2256 cundltm
540 2179 640 2275 qu'am
666 2183 828 2255 rationem
855 2184 1092 2258 &inmundo
1119 2209 1264 2260 annuum
1286 2205 1371 2256 tem·

168 2320 179 2325 =>
252 2359 254 2364 .
367 2303 431 2372 pus
454 2283 670 2352 mutationem
695 2278 818 2354 faciens
841 2277 1032 2374 juvenescit.
1075 2283 1183 2374 Quod
1206 2279 1289 2356 verli
1313 2307 1370 2374 pto

368 2372 447 2448 cibo
476 2397 618 2465 corpore
644 2372 702 2447 suo
733 2379 859 2462 utitur,
889 2377 1047 2473 significat
1075 2381 1138 2462 id,
1164 2403 1370 2475 quaecunque

363 2472 479 2545 divina
504 2472 710 2565 providentia
735 2495 933 2568 generantur
959 2475 992 2547 in
1016 2479 1170 2558 mundo,
1192 2478 1264 2551 haec
1291 2504 1372 2551 om·

369 2571 424 2642 nia
449 2570 482 2640 in
509 2572 630 2640 eodem
652 2571 911 2646 diminutionem
932 2574 1011 2665 pati.
1055 2573 1155 2650 Vide,
1176 2575 1371 2671 Adagium,
1417 2657 1420 2667 ,

369 2663 493 2761 Festino
520 2665 614 2739 lenti.
849 2727 851 2737 .
1417 2714 1418 2741 1

419 2767 569 2861 Neptuni
591 2763 760 2857 tubicen.)
789 2766 844 2838 Sir
871 2764 1042 2839 conlltue:
1069 2764 1193 2838 Triton
1219 2770 1373 2860 Neptuni
1415 2780 1419 2828 t

261 2881 265 2890 “
370 2860 536 2947 tubicen„
569 2861 662 2956 cujus
684 2863 805 2936 ultima
838 2888 937 2955 pars,
963 2867 997 2936 id
1025 2862 1092 2945 est,
1119 2868 1223 2937 cauda
1251 2865 1375 2940 indicat
1419 2865 1421 2929 ἔ

371 2958 436 3031 else
459 2978 595 3038 cetum,
617 2960 652 3027 id
670 2960 739 3037 ett,
758 2959 879 3050 piscem
901 2984 1072 3055 magnum.
1115 2962 1158 3032 Et
1181 2962 1296 3053 supple
1321 2965 1373 3036 fa·

371 3056 439 3128 cies
465 3055 586 3126 indicat
609 3053 673 3124 else
694 3058 821 3128 Deum'.
867 3057 899 3129 ls
919 3056 1054 3151 inquam
1072 3058 1198 3129 Triton
1219 3083 1374 3154 compre·

370 3152 527 3225 henditur
551 3149 675 3222 medio
699 3150 781 3225 orbe
816 3152 999 3245 serpentis,
1031 3154 1096 3244 qui
1122 3152 1251 3246 serpens
1284 3174 1375 3229 tenet

371 3254 510 3325 caudato
531 3272 591 3319 ote
610 3245 733 3320 inserto
752 3252 933 3323 mordicus.
963 3250 1006 3323 ld
1027 3250 1095 3328 eli,
1112 3268 1201 3322 tenet
1221 3250 1378 3328 insertam

371 3351 512 3421 crudam
539 3346 608 3428 oti,
633 3368 695 3438 per
722 3346 930 3443 hypallagen.
1117 3425 1120 3433 ¹

418 3444 600 3517 Tritonem
626 3439 801 3539 impingit
826 3444 993 3541 Virgilius
1015 3444 1069 3516 lib.
1082 3466 1139 3519 10.
1165 3448 1304 3521 AEnet'd.

419 3542 520 3614 Hunc
546 3539 635 3611 veltt't
658 3540 809 3622 immonis
833 3542 972 3625 Triton,
993 3541 1034 3617 (l
1057 3544 1178 3617 caeruln
1203 3544 1330 3617 concini

354 3703 357 3711 .
418 3639 599 3711 Exterrens
615 3634 731 3727 freto:
758 3641 812 3711 cttt'
838 3640 975 3711 laterum
998 3658 1088 3713 tenus
1116 3640 1147 3712 li
1182 3639 1236 3713 ida
1262 3642 1359 3715 nanti

420 3736 523 3805 Frons
547 3735 699 3805 hominem
717 3736 875 3829 prefert,
902 3737 937 3807 t'n
959 3732 1081 3832 Pristin
1104 3642 1218 3834 delinit
1242 3738 1357 3814 alvus.

419 3832 557 3927 Spumea
572 3829 722 3921 semifero
738 3833 801 3925 sub
822 3824 957 3929 pedore*
971 3856 1146 3906 murmurat
1171 3836 1270 3910 undo.

370 3923 446 4001 Elle
473 3950 584 4001 autem
604 3949 659 3996 tut
682 3926 776 4001 soille
796 3930 970 4023 aliquando
986 3931 1148 4006 Tritones
1164 3960 1200 4007 ea
1213 3958 1283 4028 qua
1302 3935 1382 4023 pin-

368 4047 495 4125 guntur
514 4026 648 4106 forme,
667 4024 842 4102 confirmat
866 4026 991 4103 Plinius
1010 4028 1111 4125 lino.
1129 4051 1199 4131 rap.
1215 4050 1251 4131 ς.
1275 4032 1381 4201 ίΡιιιι-

850 4192 852 4199 ,
1290 4150 1386 4203 emar
