3175 4825
467 379 717 486 Ancrnnr
751 381 1061 457 Emensus
1242 401 1266 478 9

267 494 412 585 quadarn
434 497 594 597 religione
622 505 825 592 permittens.
868 506 1017 580 Postilla
1038 501 1117 578 chm
1143 497 1268 596 Philip·

270 614 330 681 pus
348 592 420 662 hac
442 597 484 665 de
504 597 590 670 causa
612 598 806 672 Cheronem
831 602 1157 698 Megalopolitanum
1182 603 1269 674 Del·

269 687 361 778 phos
384 687 559 787 mifisset,i
574 698 657 769 Deo
679 695 869 792 responsum
885 699 951 785 est,
967 721 1003 774 ut
1018 697 1179 774 Ammoni
1195 721 1268 770 rem

273 783 416 856 divinam
438 789 575 864 taceret:
597 793 636 866 ἅ
654 793 743 868 huuc
765 798 803 868 in
825 797 939 886 primis
956 797 1070 870 Deum
1094 819 1268 868 venerare·

278 894 352 957 tur,
375 887 634 983 amissurumque
658 917 703 966 ex
729 892 834 965 oculis
861 895 1024 974 alterum,
1053 919 1120 990 quo
1154 897 1207 964 die
1237 893 1269 964 in

276 977 418 1054 draconis
441 985 551 1060 forma
583 989 863 1062 concumbentem
893 993 1012 1064 Deum
1038 1015 1114 1064 cum
1140 991 1268 1084 Olym-

270 1075 364 1163 piade
379 1103 439 1170 per
459 1084 535 1156 ostii
555 1084 708 1158 rimulam
725 1085 901 1179 aspexisset.
941 1089 1119 1183 Olympias
1132 1109 1268 1179 quoque

268 1169 371 1260 (sterit
388 1180 432 1248 ait
452 1180 712 1274 Eratosthenes)
732 1183 950 1276 proficiscenti
970 1188 1003 1256 in
1023 1184 1270 1276 expeditionem

265 1267 482 1376 dlexandro,
500 1277 628 1351 semeth
645 1281 807 1374 geniturae
831 1283 954 1354 detexit
976 1307 1109 1362 arcana,
1128 1279 1270 1374 proinde

267 1366 387 1456 dignos
406 1378 560 1466 genitore
582 1378 710 1452 munos
736 1378 853 1453 fovere
873 1377 971 1473 jnffir.
1018 1379 1107 1454 Haec
1131 1377 1270 1472 carptim

269 1482 313 1532 ex
340 1465 527 1544 Plutarcho.

316 1559 464 1639 Tradunt
471 1567 522 1664 fic
540 1571 688 1664 quosdam
707 1573 818 1646 enirier
837 1573 990 1672 angues.)
1016 1573 1114 1646 Dixit
1127 1572 1193 1668 jam
1207 1572 1270 1644 Al-

270 1651 367 1731 eiatus
384 1662 450 1736 elle
467 1668 502 1736 in
523 1666 598 1740 Asta
613 1694 735 1764 genera
753 1672 964 1762 serpentum,
982 1673 1037 1762 qui
1060 1695 1118 1741 ore
1132 1670 1269 1760 pariant.

272 1755 370 1861 Addo
385 1776 500 1834 tamen
522 1787 565 1834 ex
585 1768 743 1858 opinione
761 1771 970 1863 Anaxagora
986 1765 1194 1858 Philosophi,
1215 1791 1271 1838 re·

274 1852 377 1924 unisse
398 1860 566 1931 Ovidium
588 1864 771 1938 mustellam
789 1887 848 1936 ore
868 1887 994 1957 parere.
1033 1864 1087 1936 Sic
1107 1863 1197 1934 enim
1217 1865 1270 1934 in-

274 1949 339 2038 quit
362 1954 397 2023 in
418 1978 453 2047 9.
477 1961 698 2058 Metamorph.

316 2045 402 2138 Quae
425 2055 504 2147 quin
525 2055 703 2130 mendacem
725 2060 902 2156 parientem
918 2058 1054 2153 juverat
1075 2075 1172 2130 orer'

318 2146 383 2218 Ore
406 2152 519 2243 parit,
544 2149 723 2250 nostrosque
743 2157 870 2236 domos,
890 2175 926 2228 ut
951 2149 1025 2227 nnre'
1040 2152 1245 2250 frequentat.v

274 2231 368 2310 Hanc
389 2247 584 2337 opinionem
607 2252 725 2326 refutat
737 2253 928 2326 Aristoteles
950 2253 1004 2326 tio.
1023 2252 1062 2324 de
1082 2255 1269 2328 animalium

278 2345 470 2440 gmnuionr
492 2348 598 2419 terrio.
641 2350 765 2424 Plinius
780 2373 917 2445 quoque
937 2371 990 2426 10.
1010 2349 1066 2421 tio.
1093 2351 1268 2424 Lacertam

279 2428 428 2594 (ῑιῐηυίι)
454 2466 513 2515 ore
535 2468 670 2535 parere,
694 2453 785 2542 quod
810 2448 915 2544 vulgo
940 2450 1105 2533 creditur,
1134 2445 1269 2519 Aristo·

276 2540 484 2612 mmmm

318 2629 384 2700 An
405 2562 476 2727 qiu
493 2635 541 2729 fic
568 2640 680 2713 Pullos
707 2644 747 2713 de
770 2644 875 2733 capite
898 2662 971 2711 orta
999 2638 1144 2725 nont)
1180 2638 1269 2713 Haec

271 2744 338 2793 ⁰0⁰
364 2732 412 2801 est
434 2734 673 2830 interrogatio:
701 2735 757 2808 sed
784 2736 906 2827 phrasis
932 2733 1210 2826 Philosophorum
1236 2738 1269 2807 in

273 2819 475 2911 dissolvendis
498 2832 728 2922 problematis:
750 2834 809 2927 qui
829 2833 929 2903 eriam
952 2830 975 2904 s,
1001 2828 1169 2905 certiffima
1188 2858 1269 2925 pro-

276 2912 394 3001 ferant,
417 2929 523 3001 veluti
549 2926 729 3003 dubitando
751 2930 870 3003 finiunt
896 2954 954 3023 per
978 2930 1192 3023 particulam,
1214 2956 1267 3005 arr.

281 3006 329 3081 De
351 3021 462 3096 Natali
487 3025 624 3110 Palladis
646 3046 734 3100 extat
760 3026 896 3100 festivus
916 3028 1053 3101 luciani
1077 3028 1268 3121 Dialogus,

279 3128 374 3209 quem
392 3124 594 3212 compendio
611 3122 677 3196 hirc
701 3118 899 3198 adscribam:
927 3124 1113 3199 Laborabat
1135 3123 1267 3213 Jupiter

268 3204 389 3285 dolore
409 3219 547 3311 capitis,
572 3220 659 3311 juffit
685 3222 876 3295 Vulcanum
903 3246 979 3293 eum
1004 3219 1107 3291 securi
1126 3218 1268 3289 acutisfi-
1302 3226 1307 3234 '

265 3324 320 3379 ma
340 3315 473 3396 venire,
496 3316 552 3408 qui
577 3333 675 3409 caput
693 3316 891 3391 diffinderet.
932 3316 1088 3391 Vulcano
1114 3315 1189 3385 totis
1210 3317 1268 3387 vi·

262 3403 354 3477 n'bus
375 3408 409 3481 in
427 3428 526 3504 caput
547 3412 645 3494 Jovis
668 3415 858 3505 impellente
885 3412 1046 3491 securim,
1073 3410 1171 3506 virgo
1193 3414 1268 3486 Pal-

261 3498 309 3572 las
321 3505 476 3593 prosiluit
493 3528 637 3588 armata,
651 3509 717 3605 jam
741 3510 884 3589 nubilis,
900 3509 1010 3594 casta,
1027 3508 1180 3602 pulchra,
1197 3511 1267 3609 cly-

259 3620 366 3686 peum
388 3603 534 3677 saltando
560 3608 775 3689 concutiens,
800 3634 878 3681 cum
910 3609 1040 3681 armatis
1064 3607 1267 3699 tripudians,

257 3693 386 3770 hallam
408 3702 551 3777 vibrans.
593 3704 697 3775 Addit
718 3704 876 3797 pratere'a
901 3704 1057 3779 Pindarus
1081 3704 1124 3777 in‘
1138 3705 1265 3801 Olym-

257 3794 348 3883 picis
368 3800 530 3891 adaperto
555 3801 649 3883 Jovis
676 3804 807 3893 capite,
833 3798 917 3873 aded
942 3804 1157 3877 vehementer
1186 3799 1267 3873 Mi-

255 3911 401 3964 nervam
417 3896 640 3976 infremuisse,
662 3917 699 3970 ut
719 3916 829 3971 totum
851 3898 994 3972 elamore
1021 3894 1266 3993 perterreface-

253 4004 320 4061 ret
340 3990 538 4091 Olympum.
580 3995 647 4069 Sed
664 4020 733 4071 non
747 3997 790 4071 ab
811 4018 847 4069 re
863 3996 1160 4093 fuerit,'quoniam
1181 3988 1268 4157 segg
