3175 4825
515 383 562 463 M
585 368 663 463 nu
687 406 711 463 o
737 408 763 465 1.
1043 392 1119 489 387

244 528 315 599 quos
338 508 806 605 co*drcet‚&complediitur‚
827 507 845 585 l
868 511 998 592 Grecis
1023 522 1122 588 Ano·

244 632 273 685 r,
293 611 383 700 quod
399 611 494 681 nullis
510 608 668 685 sideribus
689 630 844 689 ornetur,
867 611 885 681 ὲ
908 613 1025 683 nostris
1048 616 1120 705 pri·

244 728 264 771 n
288 705 408 777 mobile
434 706 574 780 dicitur:
604 708 711 798 Cujus
735 707 907 778 conversio
934 709 979 779 est
1004 710 1119 781 conci·

244 799 329 874 fimi.
365 801 419 895 Ab
441 823 516 876 ortu
534 803 622 875 enim
639 800 679 874 ad
696 800 849 875 occasum
869 809 1017 895 quotidie
1035 831 1120 877 con·
1222 851 1224 858 ·

244 900 315 969 lenti
338 901 558 995 continuaque
581 899 799 971 conversione
820 925 1011 971 commeans
1034 928 1118 972 ouo·

244 1021 270 1066 n
299 996 410 1069 cursus
437 996 484 1070 sui
510 997 687 1092 vestigium
714 996 862 1068 inlledlit
908 1001 1022 1089 Atque
1046 998 1120 1087 ejus
1152 1029 1218 1087 Na„

1344 1005 1347 1084 l

244 1110 346 1179 utura
372 1092 452 1175 est,
466 1113 503 1167 ut
527 1100 561 1169 vi
585 1094 640 1167 sua
668 1095 809 1187 reliquas
836 1117 952 1165 ornnes
977 1093 1119 1186 sphaeras
1134 1107 1189 1171 deo
1203 1114 1234 1176 za
1345 1093 1347 1184 l

244 1191 392 1281 ipledlens
416 1176 543 1285 viginti
561 1202 703 1286 quatuor
729 1192 888 1263 horarum
913 1190 984 1261 feri
1012 1193 1119 1302 spatio

244 1287 318 1359 nvis
342 1290 539 1361 relublaotes
559 1306 785 1394 contorqueat.
817 1290 922 1359 Nam
947 1292 1045 1360 illae
1038 1312 1121 1361 inte·

248 1387 395 1457 motione
416 1384 609 1467 transversa,
626 1382 684 1463 δί’
677 1410 709 1453 m
731 1388 819 1459 hunc
844 1388 962 1475 primae
986 1386 1121 1479 lphaecae

244 1508 300 1551 um
326 1485 542 1561 incurrente,
566 1506 649 1576 vaga
676 1482 712 1556 ἃ
739 1480 888 1553 mutabili
915 1485 1043 1555 ratione
1072 1486 1119 1555 la·

244 1602 306 1649 tur.
351 1579 600 1672 Continualque
627 1579 857 1651 conversiones
889 1581 968 1653 duas
999 1581 1118 1695 iisdem

244 1676 296 1756 iis,
305 1675 539 1768 cursibusque
563 1675 760 1769 conficiunt.

244 1776 353 1845 >ende
372 1774 417 1845 ell
439 1774 574 1855 alius,
566 1800 599 1844 io
626 1797 693 1878 quo
719 1770 830 1845 infixo
853 1771 926 1845 sunt
952 1770 1050 1844 llellae
1080 1771 1116 1843 il
1102 1779 1246 1851 oetam}
1276 1784 1281 1791 ’

256 1895 328 1955 quat
353 1872 429 1963 quia
450 1895 518 1941 non
539 1888 718 1947 moventur
740 1872 838 1950 loco,
861 1870 916 1941 sed
942 1868 1004 1940 luis
1029 1869 1116 1939 sedi·

252 1968 433 2050 inherent,
449 1970 484 2041 ὅ(
501 1964 663 2058 perpetub
688 1985 842 2043 manent,
862 1969 1030 2062 Aptans,
1051 1966 1119 2037 hoc

254 2067 434 2137 inerrantes
461 2066 673 2157 appellantur.
715 2067 757 2134 Er
781 2063 834 2134 hic
853 2062 983 2156 proprie
1003 2066 1119 2137 Mun-

256 2161 323 2233 sive
350 2164 492 2236 Coelum
520 2164 667 2270 dicitur,
692 2160 814 2236 Graece
840 2160 965 2250 Cosmus
987 2163 1029 2232 ab
1055 2183 1120 2232 or·

244 2257 364 2329 nAb
391 2260 455 2329 lroc
468 2260 612 2375 antiqui
641 2258 795 2332 homines
825 2261 971 2352 reliquos
998 2282 1119 2331 omnes

244 2381 269 2425 s
298 2357 381 2428 intra
406 2356 525 2452 viginti
543 2374 684 2449 quatuor
701 2352 858 2427 horarum
876 2356 1016 2446 spatium
1035 2382 1120 2431 con-

244 2456 253 2521 i
284 2456 516 2526 crediderunt:
542 2454 618 2527 δι’
609 2475 654 2525 tta
676 2455 822 2562 primum
846 2458 972 2526 mobile
996 2455 1118 2547 appel·

244 2573 297 2620 nt:
323 2551 399 2646 quia
426 2543 553 2622 nulum
579 2552 711 2622 alium
705 2574 737 2618 tn
764 2574 807 2620 eo
833 2571 966 2623 motum
993 2557 1117 2641 depre-

244 2658 370 2720 rerunt.
412 2645 528 2722 Postea
551 2647 633 2720 verb
652 2651 780 2716 moveri
802 2647 1017 2736 deprehendit
1040 2651 1121 2716 Pto-

247 2769 309 2816 eus
336 2746 367 2816 in
393 2764 525 2830 centum
550 2747 642 2816 annis
667 2766 741 2814 uno
762 2741 821 2812 fe
779 2767 831 2812 re
860 2746 1017 2836 gradus
1009 2763 1053 2813 tta
1084 2759 1123 2814 ut

266 2842 418 2914 circuitio
442 2842 606 2935 triginta
600 2839 654 2912 sex
675 2839 818 2910 millibus
841 2864 1003 2912 annorum
1025 2864 1123 2910 com-

244 2956 338 3012 etur·
366 2940 466 3010 Unde
493 2935 584 3008 deliit
617 2937 762 3029 primum
795 2935 923 3006 mobile
954 2938 1123 3051 appellari.

244 3061 265 3106 c
293 3035 433 3128 subjecti
453 3033 523 3106 sunt
543 3034 596 3108 alii
617 3034 759 3125 septem,
788 3036 844 3125 qui
869 3059 959 3104 nunc
986 3036 1122 3129 incitari·
1157 3065 1255 3124 Plane}

244 3157 356 3206 ¹nunc
376 3135 677 3212 retardantur-‚t
616 3126 699 3223 laeple
719 3149 819 3202 etiam
841 3132 1004 3203 inlillunt:
1024 3124 1123 3222 atque
1137 3162 1176 3208 ne.

244 3263 248 3294 i
276 3231 447 3337 Flanona,
473 3229 506 3300 id
534 3229 606 3309 est,
632 3246 774 3300 errantes
798 3228 877 3301 falso
902 3227 976 3298 sunt
1004 3227 1123 3320 appel·
1141 3227 1258 3284 2Naut

244 3351 380 3418 quum
413 3327 446 3395 io
472 3328 565 3396 omni
590 3327 767 3398 aeternitate
792 3324 867 3397 suos
893 3344 1008 3395 motus
1036 3349 1122 3395 con-

247 3441 328 3504 ent,
352 3421 394 3498 ab
417 3424 617 3492 occidente
608 3420 823 3499 morientem
842 3419 901 3494 lub
922 3423 1004 3492 orbe
1023 3445 1125 3515 quem

247 3519 391 3604 iferum,
417 3515 472 3591 seu
502 3519 676 3591 zodiacum
702 3539 848 3604 vocant,
880 3517 1063 3590 constantes
1087 3517 1126 3598 dt

245 3641 271 3688 s.
314 3619 374 3688 De
396 3615 517 3710 quibua
543 3613 587 3686 fic
612 3613 748 3688 Cicero.
787 3601 861 3688 Lil.
879 3635 911 3687 1.
938 3617 1093 3688 Divinot.

244 3766 312 3858 {ure
332 3763 453 3844 verbo,
469 3762 511 3840 (θ’
524 3761 619 3860 fnlfis
634 3765 807 3836 Graiorum
822 3763 955 3837 vocibus
969 3787 1102 3838 errant:

244 3863 360 3940 teverti
384 3883 471 3936 certo
495 3862 613 3960 lapsu,
626 3862 797 3960 spatioque
812 3860 981 3953 feruntur.

664 4007 776 4092 uba
882 4067 887 4077 ,
955 4028 959 4055 ³
1046 4008 1130 4085 att-1

1139 3307 1260 3370 deorum.
1287 3386 1289 3389 Ι
