3175 4825
274 326 368 471 ¹l'qt.
524 353 826 430 cannara.
866 371 922 424 tu
960 357 1124 425 Aaou.

317 475 400 550 ficut
417 476 565 549 Fortuna
585 477 667 570 parit
684 501 833 550 errorem
852 477 887 547 in
914 476 1061 547 homine.
1099 475 1146 546 Ut
1163 496 1243 548 cum
1253 459 1325 544 'bos
1427 481 1428 490 ²

315 599 380 646 nus
404 576 529 668 alioqui
555 576 828 659 Grammaticu5‚
849 595 959 648 tamen
983 572 1248 654 barbarismum,
1275 569 1331 642 vel

316 671 545 774 soloecismum
570 673 742 768 loquendo
758 669 885 746 temeri¹
908 671 996 745 facit.
1028 671 1165 766 'Phystci
1187 669 1331 742 monstra

230 774 233 781 ’
317 787 439 849 vocant
462 795 500 842 ea
521 795 663 866 corpora
683 771 862 850 naturalia,
879 796 954 865 quac
975 791 1043 840 non
1064 769 1185 839 habent
1207 769 1330 864 julium

317 865 416 940 lit’utn
441 869 701 946 membrorum,
726 895 837 963 neque
863 867 1056 941 consuetam
1085 868 1229 940 Naturae
1248 891 1330 959 pro-

317 967 512 1059 portionem
537 972 696 1062 partium.
819 989 821 994 ·

366 1063 536 1159 Gnofiacis
555 1064 698 1157 claustr.)
723 1065 875 1153 Gnostts,
901 1065 968 1137 five
984 1064 1128 1153 Cnosos,
1144 1061 1211 1136 live
1230 1061 1333 1148 Cnos-

203 1241 206 1247 ,
308 1163 395 1251 sus,
418 1162 500 1236 urbs
526 1163 573 1234 ell
604 1166 717 1237 Crete
747 1163 883 1247 insula,
910 1163 993 1234 olim
1027 1163 1188 1236 Ceratltus
1219 1160 1330 1240 didla,

316 1285 406 1332 nunc
435 1263 589 1341 Candia,
620 1263 790 1354 quondam
811 1262 942 1335 Minois
968 1261 1072 1356 regia.
1115 1259 1213 1330 Unde
1236 1260 1328 1331 Gno-

309 1358 391 1448 stts,
413 1355 571 1452 Gnosius,
589 1357 626 1433 δι
649 1356 837 1451 Gnosiacas.
1385 1412 1388 1414 -

366 1456 528 1528 Daedalus
551 1457 586 1528 t'n
610 1456 783 1546 latebris.)
817 1457 976 1530 Daedalus
1001 1455 1064 1546 (ut
1090 1478 1134 1528 ex
1160 1452 1330 1528 Chronicis

317 1549 453 1625 Eusebii
471 1554 618 1648 dicitur)
643 1575 799 1647 tempore
814 1555 991 1630 Gedeonis
1009 1551 1242 1626 Hebraeorum
1261 1552 1331 1624 du-

318 1648 367 1721 cis
392 1650 520 1725 claruit.
561 1648 770 1723 Atheniensis
785 1651 870 1734 fuit,
893 1649 1174 1734 Mitionisfilius,
1195 1651 1253 1743 qui
1277 1649 1329 1720 vi·

318 1743 372 1819 sus
404 1747 451 1819 est
480 1747 673 1824 simulachra
698 1748 808 1821 secisse
844 1747 911 1822 sese
936 1749 1118 1821 moventia.
1167 1745 1330 1840 Labyrin·
1427 1823 1428 1830 χ

317 1843 414 1927 thum
441 1848 476 1917 in
494 1847 596 1921 Creta
618 1847 720 1928 fecit,
745 1852 780 1918 in
807 1871 909 1938 quem
936 1847 1008 1938 post
1027 1843 1172 1918 oc'cisum
1198 1841 1342 1914 'aThe-¹
1427 1891 1428 1900 κ

318 1940 375 2012 leo
400 1944 658 2024 Minotaurum,
683 1944 749 2016 un'a
773 1967 852 2016 cum
878 1945 977 2016 Icaro
1003 1944 1073 2016 filio
1095 1940 1242 2013 inclusus
1262 1939 1330 2010 est:
1427 1969 1428 2008 t

314 2042 407 2113 unde
434 2067 512 2113 curn
539 2039 742 2136 aufugillet,
771 2059 908 2133 propter
940 2039 1185 2114 inscrutabilem
1211 2038 1329 2131 sugam

319 2135 383 2222 (ut
407 2139 451 2208 ait
480 2137 705 2230 Palephatus)
729 2139 869 2213 avolasse
896 2141 1013 2232 pennis
1041 2136 1244 2210 existimatus
1271 2133 1330 2206 eil.

295 2231 376 2303 *De
402 2233 468 2304 hnc
494 2253 605 2309 autem
629 2232 749 2322 latius,
772 2233 852 2306 clam
875 2259 1014 2329 agemus
1034 2238 1077 2306 de
1095 2235 1217 2306 Icaro.¹

368 2331 559 2429 Phalanx.)
585 2332 731 2425 saltans,
747 2331 869 2429 agmen
885 2333 1027 2404 militarew
1041 2357 1108 2428 quo
1122 2331 1329 2404 Macedones

317 2430 529 2513 utebantur,
557 2450 593 2503 ut
622 2434 757 2527 legione
787 2431 946 2503 Romani.
990 2428 1195 2505 Continebat
1223 2432 1328 2504 8000.

319 2546 532 2600 armatorum.
570 2530 689 2605 Verba
705 2531 752 2620 Q.
765 2529 896 2603 Curtii:
916 2530 1122 2603 Macedones
1147 2527 1330 2621 Phalanges
1374 2618 1377 2622 ,

319 2642 441 2696 vocant
466 2629 617 2717 peditum
641 2625 754 2700 stabile
779 2651 921 2723 agmen:
953 2627 1010 2698 ubi
1035 2628 1087 2701 vir
1107 2626 1207 2708 viro,
1234 2625 1333 2694 armis

320 2746 410 2794 arma
428 2724 577 2797 conserta
605 2724 687 2795 sunt.
728 2723 786 2798 Est
809 2724 910 2796 etiam
932 2725 1050 2797 animal
1069 2736 1188 2796 araneo
1215 2719 1331 2789 finite.

321 2819 491 2912 Significat
514 2822 550 2896 ἃ
573 2824 801 2896 internodium
824 2825 858 2892 in
879 2822 1002 2913 digitis.

369 2920 592 3013 Semiviroquc
615 2919 753 3010 nitent.)
789 2918 919 2989 Alludit
948 2918 990 2988 ad
1023 2938 1157 2991 carmen
1186 2913 1333 3001 Ovidii,

319 3011 354 3081 in
381 3011 483 3107 Episl.
519 3101 527 3115 ο

369 3111 628 3204 Semibovemque
651 3109 782 3194 virum,
797 3108 1053 3207 semivirumque
1081 3111 1203 3185 bovam.
1427 3196 1428 3199 Ἴ

319 3206 393 3297 Qui
418 3209 556 3301 quidem
575 3204 753 3280 versiculus
775 3232 818 3279 cx
843 3208 906 3281 illis
930 3210 998 3292 est,
1019 3216 1105 3306 quos
1127 3210 1226 3281 amici
1245 3206 1337 3279 Ovi·-

319 3306 365 3373 dii
390 3327 432 3375 ex
458 3305 563 3405 ipfius'
585 3305 743 3397 operibus
775 3305 919 3379 sublatos
941 3308 1073 3381 vellent.
1119 3300 1199 3403 Qua
1225 3308 1267 3377 de
1295 3328 1336 3376 re
1423 3300 1428 3391 ‚¹

318 3419 429 3472 ext-ant
455 3402 558 3490 verba
582 3403 771 3479 Senecae‘t.
798 3407 1055 3478 Declamatio
1080 3403 1115 3473 in
1135 3406 1225 3475 hunc
1250 3425 1338 3473 mo·
1425 3399 1428 3457 ἶ

318 3500 429 3568 duma
453 3500 603 3597 Rogatus
626 3502 799 3597 aliquando
825 3502 864 3575 ab
890 3505 1003 3577 amicis
1020 3503 1112 3591 sais,
1138 3518 1175 3572 ut
1200 3498 1338 3571 tolleret

319 3604 385 3664 tres
410 3597 540 3685 versus,
568 3597 686 3691 petivit'
714 3599 883 3680 invicem,
914 3622 951 3672 nt
985 3620 1052 3670 tres
1077 3598 1265 3692 exciperet,
1297 3595 1338 3669 in
1427 3672 1428 3699 ¹

319 3714 398 3785 qnos
419 3694 504 3765 nibil
527 3696 597 3766 itta
620 3696 742 3767 liceret.
779 3694 1038 3791 Conscripserunt
1064 3694 1135 3773 illi,
1159 3716 1236 3791 quos
1258 3694 1339 3763 tolli
1427 3784 1428 3791 ἵ

318 3791 438 3861 vellent
455 3786 591 3877 secreto.
631 3792 700 3865 Hic
723 3816 804 3886 qnos
832 3813 919 3865 tutos
945 3788 1004 3887 esse
1027 3792 1136 3863 vellet.
1176 3795 1217 3861 In
1236 3788 1340 3877 utris·
1427 3856 1428 3879 ἶ

318 3906 380 3981 'qne
396 3888 554 3962 codicillis
572 3890 670 3961 iidem
693 3888 804 3977 versus
827 3911 931 3962 erant.
976 3892 1029 3961 Eat
1056 3889 1172 3986 quibus
1191 3889 1339 3984 primurn

309 3983 408 4081 ffflffi
430 3988 587 4063 narrabat
607 3985 843 4062 Albinovanus
869 3987 981 4073 Pedo,
1007 3992 1061 4083 qul
1078 3989 1169 4084 inter
1187 3986 1339 4059 arbitros

1238 4076 1314 4169 suit
1328 4123 1343 4164 ,
