3175 4825
362 377 615 450 Auernus
651 378 906 452 nuncin.
944 379 1033 455 XC.
1140 387 1215 481 189

229 495 406 572 anniculum.
448 500 619 572 Ascribam
640 500 746 593 aliqua
770 500 855 572 illus
872 504 982 578 verba.
1023 505 1214 602 ingluvies,

228 596 339 687 inquit,
365 601 399 668 in
423 600 608 671 onocrotalo
640 601 754 668 mirum
789 600 823 668 in
850 604 976 672 modurn
1005 600 1045 696 ‘fl
1079 604 1212 700 ampla:

226 695 322 788 quippe
345 719 417 789 quae
443 699 603 790 amphorae
629 694 830 780 mensuram,
852 716 909 767 aut
933 722 997 774 non
1020 701 1120 773 muta
1145 702 1213 780 rni-⁴

229 813 273 860 tus
291 797 404 886 capiat.
444 795 497 862 Dc
522 819 585 888 quo
610 794 786 864 Martialis

265 889 370 983 Turpe
392 889 596 961 Rauennatis
618 909 735 984 guttur
759 889 949 961 onocrotali.

229 988 302 1058 Nam
327 1007 423 1076 turpe
447 1007 584 1078 guttur,
610 1007 671 1080 pro
691 1011 808 1082 magna
828 988 975 1083 ingluvie
995 985 1114 1081 posuit.
1157 985 1218 1086 Efi

229 1078 307 1177 porri
330 1084 516 1178 ingluvies,
539 1104 576 1154 ut
602 1079 713 1171 definit
739 1078 956 1175 Aristoteles,
978 1087 1063 1154 cutis
1087 1085 1121 1155 in
1143 1112 1219 1156 am·

228 1181 299 1274 plunt
315 1175 471 1272 sinuata:
504 1204 568 1272 quo
587 1177 724 1274 pritnitrn
749 1181 836 1250 cibus
865 1177 1003 1280 ingestus
1037 1185 1219 1252 continetur

230 1277 357 1348 incolius
381 1277 451 1352 &a
474 1300 476 1308 ’
502 1277 599 1348 Hunc
627 1279 831 1348 onocrotalus
857 1305 941 1373 apua
970 1279 1097 1372 explet,
1123 1298 1220 1374 atquc

230 1393 271 1443 ote
294 1395 407 1469 aperto
428 1371 590 1466 pisciculis
607 1373 647 1460 st
671 1373 829 1467 objellat,
853 1400 932 1470 quos
956 1372 1028 1448 cium
1041 1372 1143 1469 srnJit
1164 1376 1222 1449 de·

224 1470 383 1566 prehensos
405 1470 493 1562 intra
514 1470 708 1564 ingluviem,
726 1493 839 1562 aquam
853 1490 912 1564 per
935 1474 1002 1544 oris
1017 1475 1221 1566 spiramenta

227 1571 359 1639 tramit:
385 1589 479 1660 utque
504 1568 554 1634 ita
569 1567 679 1660 pracda
702 1567 853 1652 nacitur.
892 1567 1020 1641 Croton
1037 1570 1223 1642 Bononien-

218 1662 264 1750 sts
285 1687 413 1737 vocant.
458 1667 716 1756 Interprctutttur
739 1659 844 1754 afinus
865 1667 1050 1759 crepitans:
1072 1669 1224 1762 quonium

226 1763 269 1836 lu
298 1759 341 1856 efl
369 1759 496 1839 asinus,
525 1761 648 1850 nuria,
675 1763 824 1849 crepito:
851 1785 963 1832 nonten
986 1761 1226 1860 impofiturnepl

220 1857 243 1946 ‚i
265 1884 369 1934 voce,
396 1883 492 1954 quam
516 1862 590 1930 avis
608 1859 667 1928 illa
692 1861 777 1939 edit,
805 1884 898 1953 quum
919 1858 999 1927 milri
1020 1863 1135 1930 audire
1160 1883 1226 1931 non

227 1958 320 2029 licuit.
349 1953 440 2027 Haec
466 1954 528 2024 ille.
557 1951 680 2025 Plinius
701 1973 811 2026 autem
833 1955 949 2028 lium.
970 1974 1036 2049 cup.
1050 1975 1108 2048 47.
1138 1954 1228 2028 ota-

223 2079 293 2127 runt
319 2051 570 2123 similitudinem
604 2051 802 2144 Onocrotali
836 2051 985 2135 habent,
1015 2076 1077 2122 nec
1110 2051 1230 2124 distare

222 2149 447 2223 existimantur
474 2149 635 2228 omnino,
660 2147 718 2218 nist
745 2145 896 2222 faucibus
916 2149 994 2242 ipsus
1013 2147 1125 2222 ineffet
1150 2151 1232 2223 alte-

221 2249 289 2321 rius
314 2251 404 2321 uteri
437 2267 553 2338 genus.
603 2245 686 2319 Huc
725 2248 838 2320 omnia
875 2245 1074 2341 inexplebile
1108 2245 1233 2321 animal

220 2345 402 2440 congerit,
428 2345 510 2415 mira
536 2363 573 2415 ut
596 2341 633 2415 stt
659 2343 828 2436 capacitas.
879 2345 969 2419 Mox
998 2344 1145 2438 perfeila
1174 2372 1231 2419 ra-

217 2448 332 2537 pina,
355 2440 469 2513 sensim
496 2442 573 2513 inde
597 2444 637 2512 in
661 2466 698 2514 os
723 2442 879 2520 reddita,
912 2444 944 2514 in
972 2468 1087 2514 veram
1118 2444 1231 2516 alvum

216 2541 422 2615 ruminantis
446 2543 551 2612 modo
576 2539 703 2623 refert,
733 2540 844 2613 Gallia
869 2538 932 2611 hos
957 2536 1235 2630 septemtrionalis

216 2636 381 2735 proxima
404 2639 543 2709 Oceano
561 2637 675 2706 mittit.

181 2759 191 2805 t
270 2732 490 2823 Talisforma
497 2732 568 2825 fuit
579 2728 766 2833 Dionyfii.)
789 2729 972 2827 Dionysius
988 2728 1161 2814 clearchi,
1175 2733 1236 2826 qui

217 2834 360 2928 primus
385 2830 552 2902 Heracliae
575 2832 742 2926 regnavit,
767 2828 877 2911 filins,
895 2828 931 2905 &
951 2828 1018 2921 ipse
1037 2831 1151 2922 patria
1171 2833 1236 2902 im-

181 2954 183 2963 *
218 2951 353 3024 perans
376 2926 421 2998 ob
447 2928 576 2999 nimias·
590 2928 734 3010 delitias,
760 2924 942 3019 nimiasque
970 2928 1236 3021 crapulationes,

221 3026 314 3099 adeo
341 3022 474 3121 pinguis
499 3022 635 3099 effecius
661 3024 733 3105 eu,
770 3045 808 3096 ut
840 3050 908 3113 prae
931 3026 1151 3121 pinguedine.
1161 3026 1237 3114 uix

222 3122 388 3216 spiraret,
405 3126 439 3196 ὅ(
453 3117 538 3215 Ρεηὲ
563 3118 785 3203 suffocaretur.
828 3124 944 3213 Quare
966 3120 1146 3212 statuerunt
1167 3147 1239 3193 me-

224 3223 324 3303 dici,
349 3236 386 3291 ut
409 3243 494 3291 acus
512 3218 669 3313 oblongos
699 3244 736 3289 ac
762 3218 967 3303 tenuiistmssae,
993 3218 1138 3295 fierent,
1163 3238 1241 3311 quae

224 3336 311 3391 tunc
337 3316 496 3389 lateribus
522 3338 559 3387 ac
585 3314 704 3401 ventri„¹
720 3318 958 3410 adigerentur,
985 3310 1065 3401 ,sitm
1093 3314 1243 3407 prafun-

228 3414 368 3485 diffimo
382 3412 500 3483 somno
522 3431 709 3484 teneretur:
734 3430 813 3482 tunc
830 3413 920 3508 eninr
935 3409 1146 3492 ‘excitabatur
1160 3410 1243 3491 scium
1284 3435 1286 3438 ·

190 3601 195 3610 Ι
231 3512 351 3587 vivam
378 3533 511 3611 carnem
545 3533 622 3582 acus
652 3506 867 3601 attingebant.
904 3497 1136 3599 ‘Jus'clic'ebat
1164 3506 1244 3585 cor·

186 3617 195 3648 ¹
231 3634 319 3700 pore
351 3628 422 3678 arca
447 3607 490 3676 ita
513 3606 669 3677 condito:
683 3624 730 3679 *ut
756 3624 875 3695 ptaeter
893 3604 1172 3701 ‘caput,'penitus
1193 3612 1246 3681 ni-

231 3707 283 3779 hil
306 3720 447 3777 extaret.
486 3702 652 3799 Quinque
679 3702 720 3801 uc·
740 3688 984 3797 quinquaginta.
1004 3729 1121 3796 'nunus
1139 3708 1247 3794 nixis,

235 3800 317 3875 cium
350 3820 415 3877 tres
451 3798 488 3873 ὃ(
519 3802 652 3899 triginta
687 3796 884 3891 imperaffet.
938 3800 1025 3876 Haec
1061 3804 1248 3899 Stephanus

236 3901 388 3995 Niger,
421 3898 457 3974 iu
481 3898 565 3979 libel·
588 3900 629 3977 tle
648 3898 749 3989 ‚unio
780 3897 873 3974 luxu
919 3884 1105 3990 uiueaaeus
1139 3902 1197 3981 tiu.
1214 3923 1249 3985 ι.

239 4017 313 4099 “²17⁵
331 4018 368 4095 3*
794 4056 798 4059 ·

1129 4077 1249 4168 'Et
