3175 4825
362 412 614 492 narrans
650 420 899 497 Emonam.
934 423 1088 504 CLVII.
1170 441 1242 527 293'

248 538 386 630 optimus
407 541 530 639 obtigit
552 544 630 617 vitae
651 543 771 618 exitus.
814 549 879 618 Per
896 573 970 642 quae
994 552 1091 626 Deus
1113 549 1244 646 judica-

246 636 312 721 vit,
335 635 431 710 satius
454 639 627 712 hominem
648 639 712 712 else
736 644 843 724 mori,
871 645 969 738 quim
985 650 1108 720 vivere.
1150 651 1244 722 Nam

244 755 319 804 cum
339 735 569 808 circunstantes
582 739 706 833 Argivi
718 739 872 812 laudibus
887 742 1064 827 tollerent,
1087 745 1149 815 viri
1167 748 1245 838 qui·

246 831 320 900 rlem
345 831 517 905 confilium
544 830 712 906 filioruma
739 836 890 908 foeminae
916 837 996 908 veri)
1018 835 1142 912 'eorum
1163 867 1242 916 tna·

244 943 347 1009 trem‚
374 927 467 1022 quod
491 927 610 1003 talibus
632 929 708 1004 filiis
735 933 871 1024 praedita
898 931 993 1004 esset:
1020 955 1126 1008 mater
1152 963 1243 1032 gau·

245 1023 299 1093 dio
323 1024 454 1114 perfusa
486 1049 565 1100 cum
596 1025 777 1100 liberorum
804 1030 907 1112 fallu,
932 1049 1004 1102 tum
1027 1031 1114 1104 fama
1128 1078 1139 1113 ‚
1154 1043 1243 1108 'ante

246 1117 478 1194 fimulaehrum
504 1121 587 1195 slans
613 1145 742 1216 precata
767 1125 814 1198 est
836 1129 970 1207 Deam,
997 1147 1034 1204 ut
1059 1127 1182 1201 Cleobi
1206 1131 1244 1206 ὃς
1335 1177 1338 1189 ‚

245 1214 367 1289 Bitoni'
382 1217 458 1291 filiis
484 1216 548 1292 suis
574 1223 684 1306 daret,
710 1225 743 1293 id
766 1227 858 1316 quod
882 1225 1049 1316 optimum
1075 1219 1152 1296 esset
1176 1225 1245 1298 ho·

245 1314 325 1384 mini
351 1317 554 1410 contingere.
594 1317 671 1388 Post
695 1316 779 1390 hane
806 1321 1030 1412 precationem
1057 1321 1117 1392 ubi
1141 1320 1245 1395 sartri-

242 1407 406 1496 ficerunt,
429 1408 621 1507 epulatique
644 1411 739 1494 sunt,
767 1415 966 1510 quiescentes
988 1421 1022 1490 in
1049 1418 1120 1511 ipso
1144 1421 1244 1492 delu-

242 1503 304 1578 bro
331 1532 402 1580 non
427 1507 499 1583 sunt
525 1509 667 1600 amplius
688 1511 840 1584 excitati:
872 1511 927 1582 sed
953 1513 1032 1587 hoc.
1048 1516 1125 1588 vita
1152 1517 1245 1592 exitu

242 1603 424 1695 persuasis.
467 1605 626 1695 Quorum
652 1605 783 1704 effigies
809 1626 962 1703 tanquam
986 1613 1158 1696 virorum,
1185 1611 1244 1706 qui

244 1701 365 1792 optimi
394 1700 588 1778 extitissent,
615 1703 713 1799 Argii
733 1705 833 1778 fauts
856 1707 1120 1799 apud'Delphos
1140 1712 1246 1784 collo·

244 1816 370 1870 rarum.
413 1801 458 1869 Et
483 1798 533 1870 his
558 1798 692 1893 quidem
707 1803 824 1873 -soton
849 1801 1006 1874 secundas
1034 1802 1245 1878 beatitudinis

245 1914 350 1980 partes
366 1893 542 1967 tribuebat.
587 1894 727 1969 Croesus
748 1917 861 1970 autem
882 1899 1096 1972 conturbatus
1121 1900 1245 1994 inquit:

245 1992 381 2084 Hospes
408 1988 637 2076 Atheniensis,
658 1992 786 2066 adetlue
810 1995 869 2066 tibi
890 2021 951 2088 pro
978 1997 1070 2068 nullo
1095 2013 1248 2066 contem-

239 2093 331 2163 nitur
347 2087 455 2161 nostra
475 2087 633 2171 felicitas,
655 2108 692 2166 ut
706 2115 750 2161 ne
771 2093 906 2183 privatis
931 2094 1066 2186 quidem
1087 2089 1166 2166 viris
1186 2116 1247 2164 nos

244 2186 497 2280 aequiparandos
524 2186 649 2260 ducas?
687 2187 757 2262 Cui
779 2191 854 2272 ille,
879 2190 920 2260 In
944 2189 1099 2266 diuturno
1126 2188 1247 2278 Croeso

245 2301 401 2375 tempore
424 2282 528 2355 multa
552 2283 732 2366 videntur,
752 2310 836 2378 ‚quae
870 2311 983 2359 nemo·
1000 2288 1079 2358 velit
1110 2288 1247 2358 videre:

244 2379 280 2453 ἂ
308 2381 496 2455 tolerantur
520 2380 650 2463 multa,
685 2405 760 2475 quae
790 2384 872 2457 nolit
903 2382 1064 2480 quispiam
1091 2383 1245 2457 tolerare.

245 2479 478 2569 Proponamus
499 2476 588 2547 enim
610 2476 738 2548 homini
758 2481 835 2553 vitae
854 2484 1033 2557 terminum
1056 2484 1095 2552 ad
1116 2482 1247 2573 septua-

245 2574 337 2668 ginta
352 2597 490 2649 annos,
521 2574 579 2666 qui
602 2575 683 2645 anni
701 2575 847 2647 constant
869 2578 988 2671 viginti
1013 2574 1069 2649 sex
1099 2577 1247 2649 millibus

184 2677 185 2680 ’
246 2673 398 2743 ducentis
425 2670 662 2763 quinquaginta
691 2669 836 2742 diebus:
866 2671 988 2743 horum
1014 2673 1143 2758 dierum
1169 2697 1248 2744 om-

244 2768 340 2840 nium
365 2767 474 2837 nullus
497 2765 656 2854 prorius,
683 2768 814 2859 qualem
839 2769 939 2847 alius,
962 2792 1033 2839 rem
1056 2764 1157 2853 alsett.
1193 2770 1248 2841 Ita

244 2865 373 2957 igitur,
395 2860 536 2942 Croele,
561 2861 699 2936 omnino
720 2861 926 2937 calamitosus
951 2864 996 2935 esl
1014 2866 1133 2947 homor
1171 2866 1250 2937 Ve-

244 2961 322 3032 rirm
356 2979 394 3032 tu
419 2958 504 3029 mihi
536 2958 656 3030 videris
686 2959 870 3034 &divitiis
902 2959 997 3035 valde
1025 2961 1184 3053 pollere:
1210 2961 1248 3037 &

244 3058 492 3149 permultorum
513 3052 688 3127 hominum
711 3056 775 3128 else
795 3082 865 3131 rex.
900 3060 965 3130 Sed
985 3054 1053 3151 qui>
1074 3083 1128 3129 me
1150 3056 1250 3128 inter·

242 3152 370 3250 rogasti
404 3154 554 3225 nondum
580 3169 612 3225 te
644 3154 804 3247 appello:
843 3154 1030 3247 priusquam
1066 3155 1151 3225 bene
1176 3151 1252 3225 ,vita

184 3265 185 3304 ἐ
243 3252 403 3325 funum
425 3267 458 3321 te
479 3251 627 3321 audiero.
672 3253 796 3345 Neque
824 3252 912 3323 enim
941 3251 1068 3323 beatior
1093 3248 1166 3329 est,
1192 3250 1251 3342 qui

243 3348 379 3441 magnis
404 3347 526 3441 opibus
549 3347 704 3438 praeditus
729 3348 804 3430 ell,
829 3374 872 3421 eo
888 3368 912 3431 ‚¹
933 3347 989 3441 qui
1014 3348 1169 3419 diurnum
1194 3348 1250 3416 vi-

243 3448 343 3517 uum
370 3442 488 3523 habet,
511 3444 570 3516 nifi
596 3443 704 3513 eidem
729 3446 883 3517 omnibus
904 3443 999 3517 bonis
1015 3444 1154 3534 praedito
1176 3442 1252 3515 for-

242 3560 329 3615 tuna
357 3539 546 3614 concelserit
572 3536 657 3610 bene
683 3540 750 3613 vita
786 3543 938 3638 defungi.
989 3541 1083 3613 Prius
1114 3559 1253 3623 tamen,
1309 3610 1311 3614 .

242 3638 349 3732 quiam
375 3643 416 3709 ad
442 3636 573 3709 obitum
602 3638 808 3729 pervenerit,
832 3660 1040 3733 nequaquam
1067 3637 1182 3711 beatus
1206 3638 1253 3709 est

239 3734 485 3827 appellandus,
512 3732 568 3804 sed
591 3733 791 3808 fortunatus.
831 3739 921 3827 Quae
952 3734 1066 3805 omnia
1096 3731 1279 3827 consequi

244 3832 398 3924 quandiu
415 3830 455 3902 fis
477 3830 602 3911 homo,
620 3831 821 3925 impossibile
843 3831 900 3903 est.
932 3830 1056 3905 Omnis
1078 3834 1126 3902 rei
1149 3851 1253 3923 opor·
1313 3852 1321 3870 ⁶

241 3946 292 3999 tet
328 3926 491 4019 inspicere
522 3928 684 4010 exitum,
716 3924 784 4021 qui)
816 3927 854 3999 stt
889 3929 1032 4002 evasura.
1078 3928 1253 4019 Quoniam

243 4026 377 4099 multos
398 4026 520 4141 pens,
544 4024 664 4119 quibus
686 4024 820 4192 fortupa
852 4023 1138 4122 suppeditaverat,
1161 4021 1256 4188 rapi}

311 4165 314 4171 ·
403 4152 410 4162 ·
837 4138 858 4213 3
1086 4161 1091 4173 .
1170 4138 1202 4187 cr
