3175 4825
346 401 594 481 Anerrnr
626 402 880 479 Eundem.
911 397 1090 483 cutm.
1161 403 1234 496 361

237 547 295 621 uttq
295 548 363 599 uun
394 525 541 645 peruenit
576 527 619 597 ad
653 525 880 598 maturitatem.
928 522 1020 597 Vide
1053 523 1234 621 adagium,
1330 572 1336 581 ·

237 547 353 718 Felit'tm
382 619 493 704 lenti,
518 623 552 691 in
577 620 655 694 fine.
705 624 894 719 Amygdula
917 620 1046 712 (inquit
1073 622 1231 715 Plinius)

224 719 369 817 floretp
369 722 453 793 rimu
480 720 617 791 omnium
646 718 746 805 mense
771 717 943 796 Ianuario.
986 716 1077 789 Vide
1100 720 1156 792 lid.
1173 723 1233 797 16.

234 838 298 914 tap
316 833 372 913 25·
398 816 439 893 Ψ
466 818 526 894 26·
571 816 652 889 Sunt
678 817 735 906 qui
760 816 937 911 amygdala
961 828 1081 884 neutro
1107 840 1232 911 genere

233 911 409 1003 proferunt
448 909 656 1009 AVirgilio
681 910 801 984 dicitur
824 938 893 985 uutt
914 910 1076 1007 plurimu,
1098 918 1140 984 ab
1163 914 1234 988 aliis

232 1034 294 1083 trux
313 1034 433 1108 graeca.
472 1009 555 1083 Hoc
581 1002 749 1081 emblema
773 1008 940 1104 praeposui
964 1028 1084 1089 moro,
1102 1033 1164 1085 nec
1184 1008 1235 1093 se·

233 1124 347 1202 quutus
369 1105 442 1185 sum
465 1106 619 1181 ordinem
637 1105 824 1201 pristinum.

536 1282 915 1361 MORUS.

375 1452 803 1533 Eunnnun
873 1446 1079 1539 -.CCIX

272 1613 385 1691 Striot
407 1636 443 1687 at
468 1617 588 1688 Morus
611 1638 857 1711 nunquamt
798 1614 859 1709 nist
875 1615 1007 1713 frigore
1032 1620 1122 1715 lrpsn

319 1713 512 1787 Geminae.-
502 1712 579 1791 Ὃ·
597 1712 729 1808 sapiens
756 1718 885 1787 nomina
903 1715 994 1806 falsa
1014 1723 1114 1814 gerit.
1182 1768 1187 1777 ·

226 1880 717 2083 PLiniuslib.16·tap2
754 1891 859 1966 Sicuti
883 1917 1010 1972 morus,
1031 1918 1103 1988 quae
1123 1892 1228 1979 nouis-

315 1986 399 2083 Jima
423 1990 619 2061 urbanarum
639 1984 827 2085 germinat.-
850 2013 908 2061 nec
938 1987 999 2086 nifi
1030 1990 1142 2063 exutio
1156 1988 1230 2080 fri-

219 2105 318 2179 gore,
343 2084 382 2157 ol>
406 2085 443 2157 id
465 2082 552 2157 uitta
569 2082 611 2169 sa
608 2084 794 2181 pientifflma
820 2087 981 2159 arborum.

272 2183 316 2253 Et
326 2180 470 2281 sapiens.
479 2183 493 2274 )
517 2180 578 2249 ttci‘
550 2210 614 2270 capu
637 2185 724 2272 apud
738 2184 880 2261 Graecns
899 2184 1035 2258 stultum
1056 2183 1230 2278 fignificat

222 2280 266 2350 Et
292 2278 369 2349 licet
392 2276 462 2353 haec
485 2277 584 2352 arbor
607 2278 700 2352 llulta
729 2282 867 2353 nomine
894 2282 1040 2365 ditatur,
1069 2307 1128 2375 per
1148 2282 1231 2353 anti·

219 2372 351 2468 phrasm
374 2393 483 2449 tamen
508 2374 633 2469 sapiens
658 2376 785 2452 dicitur.
827 2378 941 2452 Floret
965 2381 1055 2452 enim
1081 2376 1229 2454 fruunt-

218 2494 286 2567 que
303 2470 345 2544 ab
360 2472 507 2547 hiemis
498 2473 614 2564 injuria
636 2475 818 2564 praeservat.
858 2477 954 2552 Vide
972 2477 1128 2573 adagium
1146 2480 1230 2548 Mu·

217 2570 325 2641 turim
348 2595 446 2646 muto.
487 2569 577 2648 Vide
606 2570 710 2644 ovid.
748 2573 855 2666 lib4.
890 2575 1032 2647 Metam.
1056 2576 1090 2648 in
1118 2571 1229 2646 fabula

217 2667 357 2742 Pitami.

394 2821 398 2830 '
501 2813 547 2915 L,
581 2814 616 2884 A
663 2811 697 2885 U
745 2809 778 2882 R
827 2811 861 2886 U
910 2811 947 2885 S.

392 2977 826 3064 Enniani
896 2971 1061 3067 CCX.

260 3141 409 3231 Praescia
434 3138 565 3214 uenturi
588 3139 726 3222 lamus,
740 3137 814 3230 sert
829 3136 928 3236 Jigrm
944 3137 1085 3227 subitis,

315 3239 456 3318 Subdita
477 3235 621 3338 pulvillo
639 3238 769 3326 somnia
795 3261 875 3310 uera
890 3233 991 3328 satit.

608 3383 838 3440 nutum.

258 3487 414 3566 Debetur
438 3486 556 3564 Catulo
573 3483 738 3598 superatis
764 3484 881 3558 laurea
910 3458 1025 3560 Putris.

315 3585 479 3662 Vidiricts
505 3604 622 3658 eruunt
647 3583 730 3656 talia
744 3583 839 3674 serta
867 3606 982 3655 tomus.
1085 3659 1090 3667 ,

299 3748 417 3821 Aurus
432 3745 598 3821 emblema
616 3740 724 3819 salutis
744 3744 810 3828 est.
832 3743 990 3838 quoniam
1012 3745 1153 3820 domum
1170 3740 1228 3832 (ut

315 3845 436 3938 aiunt)
461 3843 479 3920 l
501 3843 643 3922 fulmine
666 3842 814 3916 securam
839 3840 978 3934 praestat.
1022 3843 1122 3916 Unde
1143 3837 1229 3932 legi-

205 3959 290 4013 mus
316 3941 452 4016 solitum
484 3939 666 4014 Tiberium
691 3939 861 4014 Caesarem
880 3939 1037 4013 lauream
1068 3957 1229 4012 coronam

201 4035 666 4192 gestelie212rucipuicum
691 4035 837 4117 tonabat.
875 4035 1033 4118 Creditur
1057 4025 1228 4205 laugggeft
