<?xml version="1.0" encoding="UTF-8"?>
<!DOCTYPE html PUBLIC "-//W3C//DTD XHTML 1.0 Transitional//EN"
    "http://www.w3.org/TR/xhtml1/DTD/xhtml1-transitional.dtd">
<html xmlns="http://www.w3.org/1999/xhtml" xml:lang="en" lang="en">
 <head>
  <title>
</title>
<meta http-equiv="Content-Type" content="text/html;charset=utf-8" />
  <meta name='ocr-system' content='tesseract 3.04.00' />
  <meta name='ocr-capabilities' content='ocr_page ocr_carea ocr_par ocr_line ocrx_word'/>
</head>
<body>
  <div class='ocr_page' id='page_1' title='image "./operaomniaunacu01siscgoog_0095.png"; bbox 0 0 3175 4825; ppageno 0'>
   <div class='ocr_carea' id='block_1_1' title="bbox 377 343 1272 453">
    <p class='ocr_par' dir='ltr' id='par_1_1' title="bbox 377 343 1272 453">
     <span class='ocr_line' id='line_1_1' title="bbox 377 343 1272 453; baseline 0.019 -37"><span class='ocrx_word' id='word_1_1' title='bbox 377 343 639 448; x_wconf 71' lang='lat' dir='ltr'>Anniani</span> <span class='ocrx_word' id='word_1_2' title='bbox 676 350 1149 435; x_wconf 77' lang='lat' dir='ltr'>Emonamxxlllll.</span> <span class='ocrx_word' id='word_1_3' title='bbox 1222 359 1272 453; x_wconf 69' lang='lat' dir='ltr'>tp</span> 
     </span>
    </p>
   </div>
   <div class='ocr_carea' id='block_1_2' title="bbox 183 461 1399 3979">
    <p class='ocr_par' dir='ltr' id='par_1_2' title="bbox 188 461 1281 2511">
     <span class='ocr_line' id='line_1_2' title="bbox 265 461 1276 565; baseline 0.016 -27"><span class='ocrx_word' id='word_1_4' title='bbox 265 461 391 555; x_wconf 57' lang='lat' dir='ltr'>ludicen</span> <span class='ocrx_word' id='word_1_5' title='bbox 420 474 505 556; x_wconf 66' lang='grc' dir='ltr'>ἴημα</span> <span class='ocrx_word' id='word_1_6' title='bbox 529 477 590 546; x_wconf 75' lang='grc' dir='ltr'>τοῖς</span> <span class='ocrx_word' id='word_1_7' title='bbox 619 480 698 565; x_wconf 65' lang='lat' dir='ltr'>lucie</span> <span class='ocrx_word' id='word_1_8' title='bbox 727 483 834 552; x_wconf 70' lang='grc' dir='ltr'>κακοῖς.</span> <span class='ocrx_word' id='word_1_9' title='bbox 866 478 933 551; x_wconf 83' lang='lat' dir='ltr'>hoc</span> <span class='ocrx_word' id='word_1_10' title='bbox 960 481 1040 561; x_wconf 79' lang='lat' dir='ltr'>est,</span> <span class='ocrx_word' id='word_1_11' title='bbox 1064 485 1159 564; x_wconf 78' lang='lat' dir='ltr'>Heu,</span> <span class='ocrx_word' id='word_1_12' title='bbox 1190 483 1276 564; x_wconf 72' lang='lat' dir='ltr'>dett,</span> 
     </span>
     <span class='ocr_line' id='line_1_3' title="bbox 272 567 1277 668; baseline 0.019 -34"><span class='ocrx_word' id='word_1_13' title='bbox 272 567 337 658; x_wconf 84' lang='lat' dir='ltr'>quis</span> <span class='ocrx_word' id='word_1_14' title='bbox 360 593 498 664; x_wconf 81' lang='lat' dir='ltr'>unquam</span> <span class='ocrx_word' id='word_1_15' title='bbox 511 591 643 666; x_wconf 83' lang='lat' dir='ltr'>putarer</span> <span class='ocrx_word' id='word_1_16' title='bbox 654 574 703 668; x_wconf 82' lang='lat' dir='ltr'>fic</span> <span class='ocrx_word' id='word_1_17' title='bbox 718 601 819 648; x_wconf 84' lang='lat' dir='ltr'>meum</span> <span class='ocrx_word' id='word_1_18' title='bbox 842 602 957 650; x_wconf 82' lang='lat' dir='ltr'>nornen</span> <span class='ocrx_word' id='word_1_19' title='bbox 980 582 1059 652; x_wconf 86' lang='lat' dir='ltr'>meis</span> <span class='ocrx_word' id='word_1_20' title='bbox 1073 581 1171 653; x_wconf 84' lang='lat' dir='ltr'>mulir</span> <span class='ocrx_word' id='word_1_21' title='bbox 1191 582 1277 652; x_wconf 83' lang='lat' dir='ltr'>ullu·</span> 
     </span>
     <span class='ocr_line' id='line_1_4' title="bbox 273 672 1274 772; baseline 0.017 -41"><span class='ocrx_word' id='word_1_22' title='bbox 273 680 380 732; x_wconf 83' lang='lat' dir='ltr'>turum</span> <span class='ocrx_word' id='word_1_23' title='bbox 405 691 653 762; x_wconf 78' lang='lat' dir='ltr'><em>cognomentum.</em></span> <span class='ocrx_word' id='word_1_24' title='bbox 704 675 866 746; x_wconf 84' lang='lat' dir='ltr'>Pindarus</span> <span class='ocrx_word' id='word_1_25' title='bbox 891 696 1004 746; x_wconf 87' lang='lat' dir='ltr'>autem</span> <span class='ocrx_word' id='word_1_26' title='bbox 1038 672 1141 772; x_wconf 75' lang='lat' dir='ltr'>longe</span> <span class='ocrx_word' id='word_1_27' title='bbox 1176 679 1274 750; x_wconf 72' lang='lat' dir='ltr'>aliam</span> 
     </span>
     <span class='ocr_line' id='line_1_5' title="bbox 273 754 1274 864; baseline 0.022 -40"><span class='ocrx_word' id='word_1_28' title='bbox 273 754 373 852; x_wconf 85' lang='lat' dir='ltr'>hujus</span> <span class='ocrx_word' id='word_1_29' title='bbox 396 766 534 838; x_wconf 84' lang='lat' dir='ltr'>nominis</span> <span class='ocrx_word' id='word_1_30' title='bbox 558 764 654 850; x_wconf 82' lang='lat' dir='ltr'>affert</span> <span class='ocrx_word' id='word_1_31' title='bbox 679 772 843 842; x_wconf 87' lang='lat' dir='ltr'>rationem</span> <span class='ocrx_word' id='word_1_32' title='bbox 869 771 1012 843; x_wconf 69' lang='lat' dir='ltr'>coniiila</span> <span class='ocrx_word' id='word_1_33' title='bbox 1042 797 1110 846; x_wconf 82' lang='lat' dir='ltr'>nort</span> <span class='ocrx_word' id='word_1_34' title='bbox 1142 773 1274 864; x_wconf 71' lang='lat' dir='ltr'>illepide</span> 
     </span>
     <span class='ocr_line' id='line_1_6' title="bbox 277 853 1272 962; baseline 0.021 -38"><span class='ocrx_word' id='word_1_35' title='bbox 277 853 395 933; x_wconf 77' lang='lat' dir='ltr'>fabella.</span> <span class='ocrx_word' id='word_1_36' title='bbox 451 863 561 956; x_wconf 72' lang='lat' dir='ltr'>Cuius</span> <span class='ocrx_word' id='word_1_37' title='bbox 596 864 703 940; x_wconf 85' lang='lat' dir='ltr'>sensus</span> <span class='ocrx_word' id='word_1_38' title='bbox 728 869 867 959; x_wconf 85' lang='lat' dir='ltr'>carptim</span> <span class='ocrx_word' id='word_1_39' title='bbox 895 870 1053 941; x_wconf 72' lang='lat' dir='ltr'>collectus</span> <span class='ocrx_word' id='word_1_40' title='bbox 1085 893 1130 941; x_wconf 83' lang='lat' dir='ltr'>ex</span> <span class='ocrx_word' id='word_1_41' title='bbox 1161 874 1222 944; x_wconf 85' lang='lat' dir='ltr'>ude</span> <span class='ocrx_word' id='word_1_42' title='bbox 1242 891 1272 962; x_wconf 76' lang='grc' dir='ltr'>ς.</span> 
     </span>
     <span class='ocr_line' id='line_1_7' title="bbox 280 952 1274 1049; baseline 0.013 -22"><span class='ocrx_word' id='word_1_43' title='bbox 280 952 498 1049; x_wconf 64' lang='lat' dir='ltr'>liminum,</span> <span class='ocrx_word' id='word_1_44' title='bbox 534 961 608 1034; x_wconf 83' lang='lat' dir='ltr'>ralis</span> <span class='ocrx_word' id='word_1_45' title='bbox 639 963 708 1042; x_wconf 86' lang='lat' dir='ltr'>eil,</span> <span class='ocrx_word' id='word_1_46' title='bbox 737 965 964 1038; x_wconf 85' lang='lat' dir='ltr'>Telamonem</span> <span class='ocrx_word' id='word_1_47' title='bbox 997 963 1166 1037; x_wconf 88' lang='lat' dir='ltr'>Hercules</span> <span class='ocrx_word' id='word_1_48' title='bbox 1194 969 1274 1040; x_wconf 90' lang='lat' dir='ltr'>belli</span> 
     </span>
     <span class='ocr_line' id='line_1_8' title="bbox 276 1052 1275 1152; baseline 0.015 -30"><span class='ocrx_word' id='word_1_49' title='bbox 276 1052 391 1128; x_wconf 82' lang='lat' dir='ltr'>socium</span> <span class='ocrx_word' id='word_1_50' title='bbox 419 1059 596 1148; x_wconf 82' lang='lat' dir='ltr'>adjunxit,</span> <span class='ocrx_word' id='word_1_51' title='bbox 620 1063 711 1152; x_wconf 88' lang='lat' dir='ltr'>quod</span> <span class='ocrx_word' id='word_1_52' title='bbox 734 1062 766 1131; x_wconf 91' lang='lat' dir='ltr'>in</span> <span class='ocrx_word' id='word_1_53' title='bbox 782 1062 1050 1134; x_wconf 80' lang='lat' dir='ltr'><strong>Laomedontem</strong></span> <span class='ocrx_word' id='word_1_54' title='bbox 1068 1063 1187 1136; x_wconf 83' lang='lat' dir='ltr'>Troiae</span> <span class='ocrx_word' id='word_1_55' title='bbox 1200 1063 1275 1136; x_wconf 85' lang='lat' dir='ltr'>Re·</span> 
     </span>
     <span class='ocr_line' id='line_1_9' title="bbox 273 1157 1275 1253; baseline 0.011 -32"><span class='ocrx_word' id='word_1_56' title='bbox 273 1173 342 1245; x_wconf 82' lang='lat' dir='ltr'>gem</span> <span class='ocrx_word' id='word_1_57' title='bbox 368 1172 555 1246; x_wconf 85' lang='lat' dir='ltr'>paraverat.</span> <span class='ocrx_word' id='word_1_58' title='bbox 608 1157 712 1251; x_wconf 85' lang='lat' dir='ltr'>Capta</span> <span class='ocrx_word' id='word_1_59' title='bbox 748 1159 883 1240; x_wconf 86' lang='lat' dir='ltr'>Troia,</span> <span class='ocrx_word' id='word_1_60' title='bbox 914 1158 1096 1253; x_wconf 84' lang='lat' dir='ltr'>occisdque</span> <span class='ocrx_word' id='word_1_61' title='bbox 1121 1160 1275 1232; x_wconf 66' lang='lat' dir='ltr'>home·</span> 
     </span>
     <span class='ocr_line' id='line_1_10' title="bbox 271 1252 1276 1345; baseline 0.013 -27"><span class='ocrx_word' id='word_1_62' title='bbox 271 1252 363 1321; x_wconf 86' lang='lat' dir='ltr'>donce</span> <span class='ocrx_word' id='word_1_63' title='bbox 391 1253 566 1324; x_wconf 85' lang='lat' dir='ltr'>Telamon</span> <span class='ocrx_word' id='word_1_64' title='bbox 590 1278 653 1345; x_wconf 93' lang='lat' dir='ltr'>pro</span> <span class='ocrx_word' id='word_1_65' title='bbox 680 1260 844 1328; x_wconf 86' lang='lat' dir='ltr'>concione</span> <span class='ocrx_word' id='word_1_66' title='bbox 870 1257 1058 1330; x_wconf 77' lang='lat' dir='ltr'>Herculem</span> <span class='ocrx_word' id='word_1_67' title='bbox 1086 1256 1276 1330; x_wconf 86' lang='lat' dir='ltr'>celebravit.</span> 
     </span>
     <span class='ocr_line' id='line_1_11' title="bbox 271 1343 1277 1446; baseline 0.007 -28"><span class='ocrx_word' id='word_1_68' title='bbox 271 1343 434 1422; x_wconf 86' lang='lat' dir='ltr'>Hercules</span> <span class='ocrx_word' id='word_1_69' title='bbox 459 1345 542 1421; x_wconf 86' lang='lat' dir='ltr'>verd</span> <span class='ocrx_word' id='word_1_70' title='bbox 564 1348 643 1423; x_wconf 78' lang='lat' dir='ltr'>ciam</span> <span class='ocrx_word' id='word_1_71' title='bbox 670 1351 757 1425; x_wconf 80' lang='lat' dir='ltr'>sacra</span> <span class='ocrx_word' id='word_1_72' title='bbox 783 1353 864 1434; x_wconf 80' lang='lat' dir='ltr'>Jovi</span> <span class='ocrx_word' id='word_1_73' title='bbox 886 1349 1030 1437; x_wconf 76' lang='lat' dir='ltr'>faceret,</span> <span class='ocrx_word' id='word_1_74' title='bbox 1053 1352 1098 1426; x_wconf 84' lang='lat' dir='ltr'>lic</span> <span class='ocrx_word' id='word_1_75' title='bbox 1120 1377 1183 1446; x_wconf 89' lang='lat' dir='ltr'>pro</span> <span class='ocrx_word' id='word_1_76' title='bbox 1201 1355 1277 1425; x_wconf 82' lang='lat' dir='ltr'>Te-</span> 
     </span>
     <span class='ocr_line' id='line_1_12' title="bbox 272 1445 1275 1550; baseline 0.007 -34"><span class='ocrx_word' id='word_1_77' title='bbox 272 1445 401 1516; x_wconf 84' lang='lat' dir='ltr'>lamone</span> <span class='ocrx_word' id='word_1_78' title='bbox 421 1447 548 1526; x_wconf 90' lang='lat' dir='ltr'>Jovem</span> <span class='ocrx_word' id='word_1_79' title='bbox 569 1449 785 1542; x_wconf 86' lang='lat' dir='ltr'>supplicavit:</span> <span class='ocrx_word' id='word_1_80' title='bbox 808 1449 939 1543; x_wconf 84' lang='lat' dir='ltr'>Jupiter</span> <span class='ocrx_word' id='word_1_81' title='bbox 963 1472 1076 1544; x_wconf 87' lang='lat' dir='ltr'>pater,</span> <span class='ocrx_word' id='word_1_82' title='bbox 1101 1453 1170 1550; x_wconf 90' lang='lat' dir='ltr'>jam</span> <span class='ocrx_word' id='word_1_83' title='bbox 1189 1449 1275 1544; x_wconf 74' lang='lat' dir='ltr'>supe</span> 
     </span>
     <span class='ocr_line' id='line_1_13' title="bbox 188 1543 1276 1644; baseline 0.006 -31"><span class='ocrx_word' id='word_1_84' title='bbox 188 1565 191 1570; x_wconf 89' lang='lat'>·</span> <span class='ocrx_word' id='word_1_85' title='bbox 274 1565 357 1615; x_wconf 88' lang='lat' dir='ltr'>meas</span> <span class='ocrx_word' id='word_1_86' title='bbox 383 1543 537 1616; x_wconf 87' lang='lat' dir='ltr'>audivisti</span> <span class='ocrx_word' id='word_1_87' title='bbox 562 1570 695 1638; x_wconf 86' lang='lat' dir='ltr'>preces:</span> <span class='ocrx_word' id='word_1_88' title='bbox 721 1572 810 1621; x_wconf 88' lang='lat' dir='ltr'>nunc</span> <span class='ocrx_word' id='word_1_89' title='bbox 840 1567 874 1618; x_wconf 89' lang='lat' dir='ltr'>te</span> <span class='ocrx_word' id='word_1_90' title='bbox 901 1573 963 1620; x_wconf 89' lang='lat' dir='ltr'>oro</span> <span class='ocrx_word' id='word_1_91' title='bbox 995 1568 1110 1644; x_wconf 87' lang='lat' dir='ltr'>pater,</span> <span class='ocrx_word' id='word_1_92' title='bbox 1135 1568 1172 1621; x_wconf 92' lang='lat' dir='ltr'>ut</span> <span class='ocrx_word' id='word_1_93' title='bbox 1196 1549 1276 1621; x_wconf 86' lang='lat' dir='ltr'>ltuic</span> 
     </span>
     <span class='ocr_line' id='line_1_14' title="bbox 273 1641 1276 1738; baseline 0.007 -28"><span class='ocrx_word' id='word_1_94' title='bbox 273 1643 337 1710; x_wconf 82' lang='lat' dir='ltr'>viro</span> <span class='ocrx_word' id='word_1_95' title='bbox 360 1641 488 1713; x_wconf 72' lang='lat' dir='ltr'>fortem</span> <span class='ocrx_word' id='word_1_96' title='bbox 515 1645 648 1734; x_wconf 85' lang='lat' dir='ltr'>prolem</span> <span class='ocrx_word' id='word_1_97' title='bbox 670 1669 713 1718; x_wconf 86' lang='lat' dir='ltr'>ex</span> <span class='ocrx_word' id='word_1_98' title='bbox 736 1645 869 1738; x_wconf 87' lang='lat' dir='ltr'>propria</span> <span class='ocrx_word' id='word_1_99' title='bbox 891 1670 1001 1720; x_wconf 86' lang='lat' dir='ltr'>uxore</span> <span class='ocrx_word' id='word_1_100' title='bbox 1024 1646 1166 1732; x_wconf 81' lang='lat' dir='ltr'>tribuas,</span> <span class='ocrx_word' id='word_1_101' title='bbox 1190 1648 1276 1720; x_wconf 83' lang='lat' dir='ltr'>ami-</span> 
     </span>
     <span class='ocr_line' id='line_1_15' title="bbox 275 1734 1276 1832; baseline 0.004 -23"><span class='ocrx_word' id='word_1_102' title='bbox 275 1734 411 1832; x_wconf 76' lang='lat' dir='ltr'>uimque</span> <span class='ocrx_word' id='word_1_103' title='bbox 432 1763 551 1810; x_wconf 88' lang='lat' dir='ltr'>meum</span> <span class='ocrx_word' id='word_1_104' title='bbox 576 1739 780 1816; x_wconf 87' lang='lat' dir='ltr'>fortunatum</span> <span class='ocrx_word' id='word_1_105' title='bbox 803 1745 930 1814; x_wconf 85' lang='lat' dir='ltr'>reddas.</span> <span class='ocrx_word' id='word_1_106' title='bbox 976 1734 1064 1814; x_wconf 81' lang='lat' dir='ltr'>Haec</span> <span class='ocrx_word' id='word_1_107' title='bbox 1087 1744 1147 1815; x_wconf 89' lang='lat' dir='ltr'>ubi</span> <span class='ocrx_word' id='word_1_108' title='bbox 1171 1744 1276 1826; x_wconf 84' lang='lat' dir='ltr'>dixit,</span> 
     </span>
     <span class='ocr_line' id='line_1_16' title="bbox 275 1836 1277 1934; baseline 0.005 -28"><span class='ocrx_word' id='word_1_109' title='bbox 275 1836 375 1908; x_wconf 81' lang='lat' dir='ltr'>avium</span> <span class='ocrx_word' id='word_1_110' title='bbox 401 1839 558 1930; x_wconf 77' lang='lat' dir='ltr'>reginam</span> <span class='ocrx_word' id='word_1_111' title='bbox 583 1839 739 1931; x_wconf 83' lang='lat' dir='ltr'>Aquilam</span> <span class='ocrx_word' id='word_1_112' title='bbox 767 1863 925 1934; x_wconf 86' lang='lat' dir='ltr'>magnam</span> <span class='ocrx_word' id='word_1_113' title='bbox 945 1838 1043 1911; x_wconf 86' lang='lat' dir='ltr'>Deus</span> <span class='ocrx_word' id='word_1_114' title='bbox 1065 1837 1084 1911; x_wconf 75' lang='grc' dir='ltr'>ὲ</span> <span class='ocrx_word' id='word_1_115' title='bbox 1108 1839 1190 1911; x_wconf 74' lang='lat' dir='ltr'>calo</span> <span class='ocrx_word' id='word_1_116' title='bbox 1215 1843 1277 1911; x_wconf 85' lang='lat' dir='ltr'>de·</span> 
     </span>
     <span class='ocr_line' id='line_1_17' title="bbox 273 1932 1278 2032; baseline 0.004 -30"><span class='ocrx_word' id='word_1_117' title='bbox 273 1932 360 2006; x_wconf 86' lang='lat' dir='ltr'>milit.</span> <span class='ocrx_word' id='word_1_118' title='bbox 407 1933 499 2006; x_wconf 85' lang='lat' dir='ltr'>Haec</span> <span class='ocrx_word' id='word_1_119' title='bbox 536 1955 691 2028; x_wconf 86' lang='lat' dir='ltr'>tanquam</span> <span class='ocrx_word' id='word_1_120' title='bbox 717 1955 808 2010; x_wconf 87' lang='lat' dir='ltr'>vates</span> <span class='ocrx_word' id='word_1_121' title='bbox 839 1936 956 2032; x_wconf 81' lang='lat' dir='ltr'>aliquis</span> <span class='ocrx_word' id='word_1_122' title='bbox 983 1935 1157 2008; x_wconf 87' lang='lat' dir='ltr'>oraculum</span> <span class='ocrx_word' id='word_1_123' title='bbox 1191 1959 1278 2028; x_wconf 87' lang='lat' dir='ltr'>pro-</span> 
     </span>
     <span class='ocr_line' id='line_1_18' title="bbox 274 2031 1279 2126; baseline 0.002 -26"><span class='ocrx_word' id='word_1_124' title='bbox 274 2051 357 2104; x_wconf 87' lang='lat' dir='ltr'>ruens</span> <span class='ocrx_word' id='word_1_125' title='bbox 389 2032 507 2112; x_wconf 86' lang='lat' dir='ltr'>dixit,</span> <span class='ocrx_word' id='word_1_126' title='bbox 544 2033 615 2104; x_wconf 89' lang='lat' dir='ltr'>Erit</span> <span class='ocrx_word' id='word_1_127' title='bbox 641 2031 702 2106; x_wconf 91' lang='lat' dir='ltr'>tibi</span> <span class='ocrx_word' id='word_1_128' title='bbox 735 2034 848 2116; x_wconf 85' lang='lat' dir='ltr'>lilius,</span> <span class='ocrx_word' id='word_1_129' title='bbox 879 2053 916 2108; x_wconf 90' lang='lat' dir='ltr'>ut</span> <span class='ocrx_word' id='word_1_130' title='bbox 947 2033 1060 2126; x_wconf 77' lang='lat' dir='ltr'>petis,</span> <span class='ocrx_word' id='word_1_131' title='bbox 1085 2031 1279 2117; x_wconf 83' lang='lat' dir='ltr'>Telamon,</span> 
     </span>
     <span class='ocr_line' id='line_1_19' title="bbox 274 2129 1279 2224; baseline 0.002 -26"><span class='ocrx_word' id='word_1_132' title='bbox 274 2151 368 2219; x_wconf 88' lang='lat' dir='ltr'>quem</span> <span class='ocrx_word' id='word_1_133' title='bbox 395 2131 537 2224; x_wconf 82' lang='lat' dir='ltr'>Ajacem</span> <span class='ocrx_word' id='word_1_134' title='bbox 563 2129 698 2202; x_wconf 85' lang='lat' dir='ltr'>vocabis</span> <span class='ocrx_word' id='word_1_135' title='bbox 726 2130 864 2205; x_wconf 86' lang='lat' dir='ltr'>ex·vis0</span> <span class='ocrx_word' id='word_1_136' title='bbox 899 2132 997 2213; x_wconf 91' lang='lat' dir='ltr'>alite,</span> <span class='ocrx_word' id='word_1_137' title='bbox 1031 2129 1158 2201; x_wconf 87' lang='lat' dir='ltr'>viribus</span> <span class='ocrx_word' id='word_1_138' title='bbox 1187 2154 1279 2222; x_wconf 86' lang='lat' dir='ltr'>prar-</span> 
     </span>
     <span class='ocr_line' id='line_1_20' title="bbox 275 2219 1280 2322; baseline 0.005 -29"><span class='ocrx_word' id='word_1_139' title='bbox 275 2224 424 2312; x_wconf 84' lang='lat' dir='ltr'>llantem,</span> <span class='ocrx_word' id='word_1_140' title='bbox 443 2219 594 2318; x_wconf 83' lang='lat' dir='ltr'>bellique</span> <span class='ocrx_word' id='word_1_141' title='bbox 619 2224 793 2302; x_wconf 84' lang='lat' dir='ltr'>sudoribus</span> <span class='ocrx_word' id='word_1_142' title='bbox 813 2229 938 2301; x_wconf 65' lang='lat' dir='ltr'>cunulis</span> <span class='ocrx_word' id='word_1_143' title='bbox 962 2228 1094 2322; x_wconf 85' lang='lat' dir='ltr'>populis</span> <span class='ocrx_word' id='word_1_144' title='bbox 1114 2229 1280 2298; x_wconf 86' lang='lat' dir='ltr'>admiran-</span> 
     </span>
     <span class='ocr_line' id='line_1_21' title="bbox 280 2320 1281 2400; baseline 0.007 -10"><span class='ocrx_word' id='word_1_145' title='bbox 280 2323 368 2392; x_wconf 90' lang='lat' dir='ltr'>dum.</span> <span class='ocrx_word' id='word_1_146' title='bbox 426 2326 541 2400; x_wconf 80' lang='lat' dir='ltr'>Vocat</span> <span class='ocrx_word' id='word_1_147' title='bbox 576 2343 688 2396; x_wconf 89' lang='lat' dir='ltr'>autem</span> <span class='ocrx_word' id='word_1_148' title='bbox 725 2327 887 2400; x_wconf 87' lang='lat' dir='ltr'>Pindarus</span> <span class='ocrx_word' id='word_1_149' title='bbox 921 2325 986 2400; x_wconf 92' lang='lat' dir='ltr'>hoc</span> <span class='ocrx_word' id='word_1_150' title='bbox 1022 2327 1057 2397; x_wconf 92' lang='lat' dir='ltr'>in</span> <span class='ocrx_word' id='word_1_151' title='bbox 1097 2324 1173 2397; x_wconf 89' lang='lat' dir='ltr'>loco</span> <span class='ocrx_word' id='word_1_152' title='bbox 1215 2320 1281 2397; x_wconf 66' lang='lat' dir='ltr'>eiad</span> 
     </span>
     <span class='ocr_line' id='line_1_22' title="bbox 277 2420 820 2511; baseline 0.011 -22"><span class='ocrx_word' id='word_1_153' title='bbox 277 2420 456 2511; x_wconf 83' lang='lat' dir='ltr'>Aquilam,</span> <span class='ocrx_word' id='word_1_154' title='bbox 480 2426 571 2493; x_wconf 92' lang='lat' dir='ltr'>unde</span> <span class='ocrx_word' id='word_1_155' title='bbox 594 2420 662 2497; x_wconf 70' lang='lat' dir='ltr'>dur</span> <span class='ocrx_word' id='word_1_156' title='bbox 688 2424 820 2497; x_wconf 88' lang='lat' dir='ltr'>dicitur.</span> 
     </span>
    </p>

    <p class='ocr_par' dir='ltr' id='par_1_3' title="bbox 259 2515 1284 2787">
     <span class='ocr_line' id='line_1_23' title="bbox 325 2515 1282 2616; baseline 0.004 -29"><span class='ocrx_word' id='word_1_157' title='bbox 325 2515 415 2608; x_wconf 80' lang='lat' dir='ltr'>Quae</span> <span class='ocrx_word' id='word_1_158' title='bbox 431 2518 537 2611; x_wconf 81' lang='lat' dir='ltr'>door.)</span> <span class='ocrx_word' id='word_1_159' title='bbox 565 2523 658 2601; x_wconf 89' lang='lat' dir='ltr'>Boo,</span> <span class='ocrx_word' id='word_1_160' title='bbox 685 2546 743 2601; x_wconf 86' lang='lat' dir='ltr'>as,</span> <span class='ocrx_word' id='word_1_161' title='bbox 771 2522 905 2616; x_wconf 86' lang='lat' dir='ltr'>mugire</span> <span class='ocrx_word' id='word_1_162' title='bbox 931 2518 1110 2615; x_wconf 81' lang='lat' dir='ltr'>significat,</span> <span class='ocrx_word' id='word_1_163' title='bbox 1134 2518 1153 2590; x_wconf 85' lang='lat' dir='ltr'>it</span> <span class='ocrx_word' id='word_1_164' title='bbox 1175 2516 1282 2591; x_wconf 87' lang='lat' dir='ltr'>verbo</span> 
     </span>
     <span class='ocr_line' id='line_1_24' title="bbox 265 2614 1284 2710; baseline -0.002 -25"><span class='ocrx_word' id='word_1_165' title='bbox 265 2614 405 2691; x_wconf 81' lang='lat' dir='ltr'>Gtaeco</span> <span class='ocrx_word' id='word_1_166' title='bbox 431 2614 537 2701; x_wconf 65' lang='lat' dir='ltr'>fivia,</span> <span class='ocrx_word' id='word_1_167' title='bbox 570 2621 664 2710; x_wconf 90' lang='lat' dir='ltr'>quod</span> <span class='ocrx_word' id='word_1_168' title='bbox 691 2614 738 2685; x_wconf 86' lang='lat' dir='ltr'>est</span> <span class='ocrx_word' id='word_1_169' title='bbox 765 2619 936 2689; x_wconf 83' lang='lat' dir='ltr'>clamare:</span> <span class='ocrx_word' id='word_1_170' title='bbox 974 2619 1063 2685; x_wconf 90' lang='lat' dir='ltr'>unde</span> <span class='ocrx_word' id='word_1_171' title='bbox 1091 2616 1186 2685; x_wconf 81' lang='lat' dir='ltr'>reboo</span> <span class='ocrx_word' id='word_1_172' title='bbox 1201 2658 1215 2691; x_wconf 84' lang='lat'>,</span> <span class='ocrx_word' id='word_1_173' title='bbox 1246 2614 1284 2689; x_wconf 69' lang='grc' dir='ltr'>δι</span> 
     </span>
     <span class='ocr_line' id='line_1_25' title="bbox 259 2708 1016 2787; baseline 0.005 -2"><span class='ocrx_word' id='word_1_174' title='bbox 259 2708 409 2787; x_wconf 73' lang='grc' dir='ltr'>ὂοαησ.’</span> <span class='ocrx_word' id='word_1_175' title='bbox 1011 2746 1016 2757; x_wconf 75' lang='grc'><em>’</em></span> 
     </span>
    </p>

    <p class='ocr_par' dir='ltr' id='par_1_4' title="bbox 183 2790 1399 3979">
     <span class='ocr_line' id='line_1_26' title="bbox 311 2790 1282 2907; baseline -0.012 -20"><span class='ocrx_word' id='word_1_176' title='bbox 311 2811 353 2887; x_wconf 90' lang='lat' dir='ltr'><em>V</em></span> <span class='ocrx_word' id='word_1_177' title='bbox 349 2807 434 2907; x_wconf 74' lang='lat' dir='ltr'>icfii</span> <span class='ocrx_word' id='word_1_178' title='bbox 454 2790 728 2902; x_wconf 80' lang='lat' dir='ltr'>Telamoniade.)</span> <span class='ocrx_word' id='word_1_179' title='bbox 753 2808 922 2879; x_wconf 90' lang='lat' dir='ltr'>Telamon</span> <span class='ocrx_word' id='word_1_180' title='bbox 951 2822 1043 2897; x_wconf 90' lang='lat' dir='ltr'>pater</span> <span class='ocrx_word' id='word_1_181' title='bbox 1064 2802 1129 2875; x_wconf 87' lang='lat' dir='ltr'>fuit</span> <span class='ocrx_word' id='word_1_182' title='bbox 1151 2802 1282 2900; x_wconf 83' lang='lat' dir='ltr'>Ajacis:</span> 
     </span>
     <span class='ocr_line' id='line_1_27' title="bbox 261 2901 1285 2997; baseline -0.007 -19"><span class='ocrx_word' id='word_1_183' title='bbox 261 2908 412 2982; x_wconf 65' lang='lat' dir='ltr'>diducit</span> <span class='ocrx_word' id='word_1_184' title='bbox 436 2912 529 2992; x_wconf 86' lang='lat' dir='ltr'>loro,</span> <span class='ocrx_word' id='word_1_185' title='bbox 547 2911 636 2980; x_wconf 88' lang='lat' dir='ltr'>unde</span> <span class='ocrx_word' id='word_1_186' title='bbox 653 2906 783 2979; x_wconf 84' lang='lat' dir='ltr'>scutum</span> <span class='ocrx_word' id='word_1_187' title='bbox 802 2909 998 2997; x_wconf 88' lang='lat' dir='ltr'>propendet.</span> <span class='ocrx_word' id='word_1_188' title='bbox 1031 2904 1123 2975; x_wconf 90' lang='lat' dir='ltr'>Nam</span> <span class='ocrx_word' id='word_1_189' title='bbox 1147 2901 1285 2988; x_wconf 66' lang='lat' dir='ltr'>renaudi</span> 
     </span>
     <span class='ocr_line' id='line_1_28' title="bbox 262 3000 1287 3101; baseline 0 -26"><span class='ocrx_word' id='word_1_190' title='bbox 262 3006 446 3101; x_wconf 84' lang='lat' dir='ltr'>cingulum</span> <span class='ocrx_word' id='word_1_191' title='bbox 481 3009 609 3085; x_wconf 87' lang='lat' dir='ltr'>latum,</span> <span class='ocrx_word' id='word_1_192' title='bbox 638 3007 728 3081; x_wconf 90' lang='lat' dir='ltr'>unde</span> <span class='ocrx_word' id='word_1_193' title='bbox 762 3005 886 3094; x_wconf 87' lang='lat' dir='ltr'>pendet</span> <span class='ocrx_word' id='word_1_194' title='bbox 920 3004 1032 3086; x_wconf 80' lang='lat' dir='ltr'>ensis,</span> <span class='ocrx_word' id='word_1_195' title='bbox 1061 3018 1117 3073; x_wconf 87' lang='lat' dir='ltr'>aut</span> <span class='ocrx_word' id='word_1_196' title='bbox 1153 3000 1287 3075; x_wconf 84' lang='lat' dir='ltr'>scutum</span> 
     </span>
     <span class='ocr_line' id='line_1_29' title="bbox 263 3097 1288 3199; baseline -0.003 -27"><span class='ocrx_word' id='word_1_197' title='bbox 263 3099 444 3199; x_wconf 80' lang='lat' dir='ltr'>fignificat.</span> <span class='ocrx_word' id='word_1_198' title='bbox 487 3102 658 3177; x_wconf 83' lang='lat' dir='ltr'>Pausanias</span> <span class='ocrx_word' id='word_1_199' title='bbox 686 3103 721 3175; x_wconf 89' lang='lat' dir='ltr'>in</span> <span class='ocrx_word' id='word_1_200' title='bbox 748 3102 870 3175; x_wconf 87' lang='lat' dir='ltr'>Atticis</span> <span class='ocrx_word' id='word_1_201' title='bbox 889 3097 932 3174; x_wconf 85' lang='lat' dir='ltr'>fic</span> <span class='ocrx_word' id='word_1_202' title='bbox 956 3105 1023 3185; x_wconf 87' lang='lat' dir='ltr'>ait,</span> <span class='ocrx_word' id='word_1_203' title='bbox 1042 3100 1172 3169; x_wconf 86' lang='lat' dir='ltr'>Dicunt</span> <span class='ocrx_word' id='word_1_204' title='bbox 1199 3099 1288 3169; x_wconf 85' lang='lat' dir='ltr'>Sala·</span> 
     </span>
     <span class='ocr_line' id='line_1_30' title="bbox 261 3190 1288 3292; baseline -0.008 -21"><span class='ocrx_word' id='word_1_205' title='bbox 261 3203 376 3274; x_wconf 79' lang='lat' dir='ltr'>minia&#39;</span> <span class='ocrx_word' id='word_1_206' title='bbox 389 3201 513 3273; x_wconf 81' lang='lat' dir='ltr'>accolae</span> <span class='ocrx_word' id='word_1_207' title='bbox 528 3202 648 3273; x_wconf 88' lang='lat' dir='ltr'>florem</span> <span class='ocrx_word' id='word_1_208' title='bbox 665 3200 698 3270; x_wconf 92' lang='lat' dir='ltr'>in</span> <span class='ocrx_word' id='word_1_209' title='bbox 716 3224 754 3269; x_wconf 88' lang='lat' dir='ltr'>ea</span> <span class='ocrx_word' id='word_1_210' title='bbox 769 3199 909 3292; x_wconf 83' lang='lat' dir='ltr'>regione</span> <span class='ocrx_word' id='word_1_211' title='bbox 931 3201 1079 3290; x_wconf 89' lang='lat' dir='ltr'>primum</span> <span class='ocrx_word' id='word_1_212' title='bbox 1102 3190 1175 3281; x_wconf 87' lang='lat' dir='ltr'>post</span> <span class='ocrx_word' id='word_1_213' title='bbox 1193 3216 1288 3263; x_wconf 90' lang='lat' dir='ltr'>mor-</span> 
     </span>
     <span class='ocr_line' id='line_1_31' title="bbox 187 3294 1352 3400; baseline -0.003 -33"><span class='ocrx_word' id='word_1_214' title='bbox 187 3379 188 3389; x_wconf 13' lang='lat'><em>*</em></span> <span class='ocrx_word' id='word_1_215' title='bbox 262 3302 336 3369; x_wconf 85' lang='lat' dir='ltr'>tem</span> <span class='ocrx_word' id='word_1_216' title='bbox 353 3298 471 3393; x_wconf 75' lang='lat' dir='ltr'>Aiacis</span> <span class='ocrx_word' id='word_1_217' title='bbox 487 3296 551 3370; x_wconf 82' lang='lat' dir='ltr'>elle</span> <span class='ocrx_word' id='word_1_218' title='bbox 571 3295 691 3371; x_wconf 86' lang='lat' dir='ltr'>visum.</span> <span class='ocrx_word' id='word_1_219' title='bbox 732 3294 1290 3400; x_wconf 58' lang='lat' dir='ltr'>Candidumupurpureusuon·</span> <span class='ocrx_word' id='word_1_220' title='bbox 1348 3312 1352 3317; x_wconf 82' lang='grc'><strong>’</strong></span> 
     </span>
     <span class='ocr_line' id='line_1_32' title="bbox 187 3386 1290 3477; baseline -0.005 -13"><span class='ocrx_word' id='word_1_221' title='bbox 187 3390 188 3394; x_wconf 67' lang='grc'>’</span> <span class='ocrx_word' id='word_1_222' title='bbox 262 3394 374 3477; x_wconf 87' lang='lat' dir='ltr'>nihil,</span> <span class='ocrx_word' id='word_1_223' title='bbox 400 3397 473 3467; x_wconf 88' lang='lat' dir='ltr'>lilio</span> <span class='ocrx_word' id='word_1_224' title='bbox 501 3398 630 3475; x_wconf 86' lang='lat' dir='ltr'>minor,</span> <span class='ocrx_word' id='word_1_225' title='bbox 649 3392 686 3465; x_wconf 74' lang='grc' dir='ltr'>δ(</span> <span class='ocrx_word' id='word_1_226' title='bbox 705 3392 820 3469; x_wconf 81' lang='lat' dir='ltr'>caule,</span> <span class='ocrx_word' id='word_1_227' title='bbox 842 3392 879 3465; x_wconf 69' lang='grc' dir='ltr'>ὅ(</span> <span class='ocrx_word' id='word_1_228' title='bbox 899 3389 999 3467; x_wconf 85' lang='lat' dir='ltr'>foliis.</span> <span class='ocrx_word' id='word_1_229' title='bbox 1041 3386 1166 3457; x_wconf 81' lang='lat' dir='ltr'>Luerae</span> <span class='ocrx_word' id='word_1_230' title='bbox 1189 3408 1228 3468; x_wconf 53' lang='lat' dir='ltr'>m,</span> <span class='ocrx_word' id='word_1_231' title='bbox 1246 3410 1290 3461; x_wconf 89' lang='lat' dir='ltr'>eo</span> 
     </span>
     <span class='ocr_line' id='line_1_33' title="bbox 262 3482 1295 3590; baseline -0.004 -27"><span class='ocrx_word' id='word_1_232' title='bbox 262 3492 504 3589; x_wconf 58' lang='lat' dir='ltr'>sunt,⁴quales</span> <span class='ocrx_word' id='word_1_233' title='bbox 528 3488 725 3590; x_wconf 78' lang='lat' dir='ltr'>hyacinthis,</span> <span class='ocrx_word' id='word_1_234' title='bbox 763 3482 1109 3581; x_wconf 70' lang='lat' dir='ltr'>Historiamjudicli,</span> <span class='ocrx_word' id='word_1_235' title='bbox 1134 3484 1226 3575; x_wconf 92' lang='lat' dir='ltr'>quod</span> <span class='ocrx_word' id='word_1_236' title='bbox 1248 3488 1295 3559; x_wconf 77' lang='lat' dir='ltr'>dc</span> 
     </span>
     <span class='ocr_line' id='line_1_34' title="bbox 185 3578 1293 3677; baseline -0.006 -16"><span class='ocrx_word' id='word_1_237' title='bbox 185 3655 187 3674; x_wconf 27' lang='grc' dir='ltr'><em>Α</em></span> <span class='ocrx_word' id='word_1_238' title='bbox 262 3590 371 3664; x_wconf 85' lang='lat' dir='ltr'>armis</span> <span class='ocrx_word' id='word_1_239' title='bbox 406 3591 593 3663; x_wconf 88' lang='lat' dir='ltr'>inliitutum</span> <span class='ocrx_word' id='word_1_240' title='bbox 626 3588 716 3666; x_wconf 87' lang='lat' dir='ltr'>fuit,</span> <span class='ocrx_word' id='word_1_241' title='bbox 748 3586 859 3661; x_wconf 85' lang='lat' dir='ltr'>audivi</span> <span class='ocrx_word' id='word_1_242' title='bbox 891 3587 933 3661; x_wconf 89' lang='lat' dir='ltr'>ab</span> <span class='ocrx_word' id='word_1_243' title='bbox 967 3578 1205 3664; x_wconf 79' lang='lat' dir='ltr'>AEolenfibus,</span> <span class='ocrx_word' id='word_1_244' title='bbox 1233 3584 1293 3677; x_wconf 86' lang='lat' dir='ltr'>qui</span> 
     </span>
     <span class='ocr_line' id='line_1_35' title="bbox 259 3670 1399 3781; baseline -0.001 -24"><span class='ocrx_word' id='word_1_245' title='bbox 259 3686 492 3761; x_wconf 85' lang='lat' dir='ltr'>instauratum</span> <span class='ocrx_word' id='word_1_246' title='bbox 523 3686 633 3781; x_wconf 80' lang='lat' dir='ltr'>postea</span> <span class='ocrx_word' id='word_1_247' title='bbox 657 3684 761 3755; x_wconf 88' lang='lat' dir='ltr'>Ilium</span> <span class='ocrx_word' id='word_1_248' title='bbox 787 3683 1023 3765; x_wconf 86' lang='lat' dir='ltr'>incoluerunt,</span> <span class='ocrx_word' id='word_1_249' title='bbox 1048 3670 1176 3775; x_wconf 84' lang='lat' dir='ltr'>quique</span> <span class='ocrx_word' id='word_1_250' title='bbox 1202 3704 1294 3755; x_wconf 81' lang='lat' dir='ltr'>arma</span> <span class='ocrx_word' id='word_1_251' title='bbox 1394 3738 1399 3745; x_wconf 88' lang='lat'>-</span> 
     </span>
     <span class='ocr_line' id='line_1_36' title="bbox 183 3777 1294 3885; baseline -0.005 -28"><span class='ocrx_word' id='word_1_252' title='bbox 183 3823 186 3872; x_wconf 76' lang='lat' dir='ltr'>t</span> <span class='ocrx_word' id='word_1_253' title='bbox 259 3786 342 3877; x_wconf 82' lang='lat' dir='ltr'>poll</span> <span class='ocrx_word' id='word_1_254' title='bbox 379 3784 503 3883; x_wconf 84' lang='lat' dir='ltr'>Ulyffis</span> <span class='ocrx_word' id='word_1_255' title='bbox 537 3784 747 3885; x_wconf 74' lang='lat' dir='ltr'>naufragium</span> <span class='ocrx_word' id='word_1_256' title='bbox 773 3784 815 3853; x_wconf 88' lang='lat' dir='ltr'>ad</span> <span class='ocrx_word' id='word_1_257' title='bbox 850 3781 960 3877; x_wconf 76' lang='lat' dir='ltr'>Aiacis</span> <span class='ocrx_word' id='word_1_258' title='bbox 991 3779 1157 3853; x_wconf 88' lang='lat' dir='ltr'>tumulum</span> <span class='ocrx_word' id='word_1_259' title='bbox 1188 3777 1294 3865; x_wconf 68' lang='lat' dir='ltr'>ejecta</span> 
     </span>
     <span class='ocr_line' id='line_1_37' title="bbox 258 3876 1296 3979; baseline 0.004 -28"><span class='ocrx_word' id='word_1_260' title='bbox 258 3884 447 3957; x_wconf 84' lang='lat' dir='ltr'>dixerunt.</span> <span class='ocrx_word' id='word_1_261' title='bbox 487 3880 566 3955; x_wconf 82' lang='lat' dir='ltr'>Olia</span> <span class='ocrx_word' id='word_1_262' title='bbox 588 3902 761 3979; x_wconf 84' lang='lat' dir='ltr'>genuum,</span> <span class='ocrx_word' id='word_1_263' title='bbox 785 3904 860 3973; x_wconf 81' lang='lat' dir='ltr'>quaa</span> <span class='ocrx_word' id='word_1_264' title='bbox 881 3880 1004 3953; x_wconf 86' lang='lat' dir='ltr'>medici</span> <span class='ocrx_word' id='word_1_265' title='bbox 1020 3876 1127 3951; x_wconf 83' lang='lat' dir='ltr'>molas</span> <span class='ocrx_word' id='word_1_266' title='bbox 1150 3895 1296 3956; x_wconf 69' lang='lat' dir='ltr'>vocante</span> 
     </span>
    </p>
   </div>
   <div class='ocr_carea' id='block_1_3' title="bbox 254 3968 1295 4169">
    <p class='ocr_par' dir='ltr' id='par_1_5' title="bbox 254 3968 1295 4169">
     <span class='ocr_line' id='line_1_38' title="bbox 254 3968 1295 4169; baseline -0.016 -116"><span class='ocrx_word' id='word_1_267' title='bbox 254 3978 366 4059; x_wconf 82' lang='lat' dir='ltr'>disco</span> <span class='ocrx_word' id='word_1_268' title='bbox 401 3978 617 4056; x_wconf 83' lang='lat' dir='ltr'>adolescentis</span> <span class='ocrx_word' id='word_1_269' title='bbox 646 3974 927 4169; x_wconf 64' lang='lat' dir='ltr'>pentathliFfrqlle</span> <span class='ocrx_word' id='word_1_270' title='bbox 950 3977 1039 4073; x_wconf 84' lang='lat' dir='ltr'>paria</span> <span class='ocrx_word' id='word_1_271' title='bbox 1067 3968 1295 4134; x_wconf 65' lang='lat' dir='ltr'>ostenderqqq.</span> 
     </span>
    </p>
   </div>
   <div class='ocr_carea' id='block_1_4' title="bbox 0 0 1600 4825">
    <p class='ocr_par' dir='ltr' id='par_1_6' title="bbox 0 0 1600 4825">
     <span class='ocr_line' id='line_1_39' title="bbox 0 0 1600 4825; baseline 0 0"><span class='ocrx_word' id='word_1_272' title='bbox 0 0 1600 4825; x_wconf 95' lang='lat' dir='ltr'> </span> 
     </span>
    </p>
   </div>
  </div>
 </body>
</html>
