3175 4825
327 399 402 491 '334
525 395 836 473 commater.
874 383 930 472 rit
969 391 1139 478 Anus:

324 515 454 593 tniffirls
479 541 540 593 nos
559 517 792 616 geremusz&
819 519 966 614 expolita
987 519 1048 596 hac
1072 522 1251 609 sententia,
1266 524 1339 622 pin&

323 617 388 713 gui
416 617 479 705 (ut
502 619 621 714 aiunt)
649 620 830 701 Minerva,
858 619 1088 714 intelligemus
1120 639 1231 698 totum
1261 629 1339 716 epi-

323 737 488 809 gramma.
533 716 682 810 Literam
705 740 769 808 pro
794 715 861 808 ipsa
884 715 1043 810 scriptura
1068 721 1217 814 accipio:
1244 718 1339 814 spiri·

267 812 288 870 l
322 827 397 881 tum
421 835 484 902 pro
512 811 604 886 sensu
630 814 663 884 in
692 812 851 907 scriptura
874 815 1130 910 comprehenso.
1175 817 1339 914 Pinguius

321 907 432 981 adhuc
451 911 568 981 dicam.
609 911 758 984 Literam
781 934 870 985 voco
890 910 984 996 illos,
1010 914 1066 1010 qm
1086 913 1211 988 nullam
1233 915 1337 988 scien-

321 1007 404 1076 tiam
427 1007 661 1102 degustarunt,
691 1008 790 1080 nullis
810 1007 845 1082 se
872 1009 1007 1102 optimis
1034 1009 1211 1104 disciplinis
1235 1015 1337 1085 tradi-

321 1103 445 1200 derunt
469 1107 700 1184 excolendos,
723 1101 780 1176 sed
805 1108 1029 1202 grammaticis
1052 1110 1168 1182 naeniis
1197 1111 1360 1196 armati,'

320 1202 366 1271 de
394 1201 637 1274 construetione
664 1198 760 1275 verbi
786 1204 841 1275 vel
870 1198 1017 1278 adverbii
1042 1203 1221 1280 horrendas
1251 1232 1337 1280 mo·
1408 1266 1416 1280 .,

320 1319 402 1372 vent
429 1299 633 1392 tragoedias,
665 1299 701 1377 ἃ
732 1299 822 1372 circa*
849 1299 978 1374 literam
1010 1300 1120 1396 ipsam*
1145 1305 1336 1401 digladian-

319 1384 386 1468 tur.
429 1395 591 1488 Spiritum
616 1393 707 1471 verli
722 1396 875 1494 intelligo
905 1398 1001 1486 illos,
1028 1401 1085 1493 qui
1111 1425 1179 1474 non
1207 1399 1338 1476 tantlrm
1408 1411 1413 1442 ²'

319 1494 402 1584 qnid
425 1493 526 1566 verba
556 1495 624 1590 ipsa
648 1493 789 1568 sonent:
812 1511 973 1588 quantum
1001 1498 1081 1590 quid
1108 1497 1225 1586 habeat
1247 1523 1336 1597 my·
1404 1442 1413 1603 l

318 1587 434 1668 llerii‚
462 1594 582 1665 mentis
602 1593 672 1668 acic
698 1590 926 1674 c'onfidemn,
957 1594 1014 1689 qui
1041 1592 1119 1668 veri
1146 1597 1236 1671 docti
1258 1595 1336 1672 sunt

303 1683 357 1791 s&
392 1687 564 1781 sapientes.
591 1687 723 1765 'Nunc
764 1690 888 1768 Cadmi
924 1690 1158 1786 Draconisque
1194 1694 1335 1791 allego·
1408 1766 1413 1799 1

317 1785 403 1857 riam
431 1789 688 1881 interpretemur
721 1814 765 1863 ex
799 1789 1045 1885 elegantissimo
1075 1787 1336 1886 dosliflimdque
1410 1877 1414 1889 .

316 1881 432 1958 libello
460 1885 615 1968 Erasini,
642 1885 682 1960 dr
711 1885 800 1960 resin
828 1887 971 1978 Latini,
1005 1885 1176 1984 Graecz'qne
1196 1886 1332 1976 sermo·

318 1985 370 2057 nir
389 1987 664 2082 pronuntiatione.
702 1982 757 2056 Sic
783 1985 886 2078 igitur
910 1984 1212 2077 inquirErasmus:
1240 1988 1332 2060 Nar·
1415 2013 1416 2070 3

315 2099 389 2153 rant
419 2083 589 2156 Cadmum
615 2081 725 2154 literas
758 2078 776 2153 l
809 2079 1027 2155 Phoenicibus
1052 2079 1198 2176 primum
1225 2085 1331 2156 inve-

308 2178 419 2261 xisse,
445 2203 525 2252 eanr-
541 2176 749 2252 rem'fabula
777 2195 944 2260 notatam,
976 2201 1052 2274 quae
1081 2179 1179 2276 fingit
1207 2180 1327 2265 illum,

315 2272 476 2368 serpentis
502 2275 638 2349 extinsli
672 2277 786 2346 dentes
821 2275 856 2346 in
893 2295 1015 2348 terram
1048 2273 1247 2352 seminasse:
1283 2303 1327 2353 ex

252 2411 260 2421 κ
314 2369 379 2443 ltac
414 2371 559 2446 semente
591 2371 699 2446 subiti)
734 2376 814 2446 duas
850 2374 954 2471 galeis
988 2371 1024 2449 δι
1054 2373 1327 2451 hastisxarmanr

265 2509 275 2528 ,-
313 2469 428 2552 scies,
454 2497 528 2565 quar
556 2471 589 2542 se
607 2471 741 2552 ,mutuis
771 2471 965 2551 vulneribus
994 2470 1208 2545 confecerint.
1257 2478 1328 2555 At·
1415 2526 1416 2539 .

313 2570 373 2659 qui
412 2571 591 2662 demiror,
621 2569 703 2663 quid
737 2569 810 2644 hec
852 2567 962 2644 fabula
997 2567 1096 2642 saciat
1128 2574 1169 2645 ad
1202 2570 1322 2645 literas.

314 2664 377 2739 Ur.
404 2668 527 2741 Dicam
563 2666 622 2740 ntfi
654 2668 834 2741 molestum
864 2667 921 2739 est.
958 2666 1105 2739 L.1md
1132 2670 1324 2763 percupio,

215 2797 217 2802 ·
311 2758 466 2862 figravc
488 2790 559 2840 non
587 2765 643 2841 ell.
675 2766 734 2837 Ur.
760 2764 976 2859 Inspexilline
1004 2788 1151 2859 unquam
1183 2791 1222 2841 os
1252 2766 1322 2841 ser·
1415 2808 1416 2833 t

310 2862 445 2953 pernis?
476 2858 516 2939 L'.
535 2868 593 2953 Nc
620 2864 724 2956 cupio
752 2865 900 2959 quidem.
928 2860 987 2932 Ur.
1006 2862 1137 2935 Mortui
1170 2864 1323 2957 inquam.
1415 2862 1416 2955 3

241 2975 258 2987 ‘
310 2959 355 3032 1..
380 2960 440 3031 Ne
463 2964 590 3035 mortui
613 2964 761 3053 quidem.
788 2961 849 3032 Ur.
872 2960 907 3035 Si
931 2957 1080 3051 inspicias
1100 2960 1321 3056 numerdsque
1413 2958 1416 3047 l

309 3055 534 3150 supernos&
563 3059 710 3130 infernos
734 3048 871 3134 dentes,
897 3071 948 3127 tot
973 3058 1140 3148 reperies,
1168 3077 1251 3154 quot
1281 3060 1320 3131 li·

309 3171 398 3229 teras
422 3158 569 3249 primum
592 3154 699 3231 attulit
724 3156 885 3243 Cadmus.
910 3155 950 3227 L.
971 3152 1091 3245 Quot?
1125 3156 1185 3227 Ut.
1211 3158 1320 3229 Sede·
1415 3166 1416 3227 l

274 3331 280 3344 .
310 3256 404 3337 eim,
424 3256 463 3325 ‘ni
490 3257 597 3329 fallor.
636 3252 766 3325 Otiosae
791 3250 863 3324 sunt
890 3269 1002 3327 eutem
1029 3251 1110 3323 srcut
1134 3270 1216 3325 natae
1243 3251 1318 3325 sunt
1415 3246 1416 3281 ¹

176 3402 179 3409 -
308 3355 428 3424 ordine
464 3353 604 3446 poliret,
636 3351 850 3443 disfipantur‚
883 3348 1243 3445 seminenturs'atque
1275 3355 1321 3423 ita

307 3451 448 3523 demum
476 3453 586 3543 plures
618 3446 788 3537 numero,
823 3444 978 3543 vatisque
1006 3444 1141 3541 digelloe
1174 3450 1317 3533 vivunt,

306 3567 437 3643 agunt,
460 3566 623 3644 pugnant.
672 3548 715 3617 Id
743 3540 766 3616 li
793 3568 862 3616 non
892 3545 1024 3623 credis.
1056 3540 1318 3638 consideraque

305 3643 416 3741 lirage
441 3644 473 3716 se
499 3647 639 3718 viciffim
670 3642 853 3715 conficiunt
879 3642 981 3715 hodie
1008 3643 1064 3735 qui
1091 3642 1199 3715 literas
1226 3665 1315 3733 pro·

263 3742 267 3746 ’
304 3742 454 3816 fitentur.
486 3742 530 3814 Et
545 3744 730 3817 sermonem
747 3738 766 3809 a
781 3737 920 3813 serendo
938 3740 1062 3812 dislum
1074 3741 1169 3823 aiunt
1187 3740 1318 3815 Grani·

304 3832 515 3913 matico‘runrr
534 3840 604 3911 filii.
645 3837 765 3913 Habes
792 3838 961 3910 Cadmeae
983 3837 1151 3933 ‚serpentis
1178 3840 1318 3931 allego·

303 3940 401 4010 rism.
448 3936 554 4008 Nunc
584 3939 751 4007 excutiam
774 3932 976 4025 scrupulum
995 3936 1115 4026 ,'qui‚
1141 3934 1192 4007 uti
1221 3960 1317 4007 con·

238 4108 240 4114 .
301 4034 418 4129 iestis,
439 4033 507 4105 urit
526 4054 571 4105 te.
610 4033 795 4118 Tonorutn
817 4054 854 4107 ac
879 4029 1054 4122 spirituum
1071 4033 1205 4140 notulas·
1226 4034 1314 4145 ima·
1415 4076 1416 4081 =

1170 4150 1315 4221 gruarius
