3175 4825
331 363 408 456 *¹5⁶
543 329 843 442 commater.
882 377 939 432 rra
978 356 1144 430 Att'nrtj

333 476 484 552 Alciatus
510 479 613 556 lid.'1.
641 483 756 555 Paret.
780 501 848 578 cap.
861 483 893 558 6.
925 479 1122 559 contendit,
1149 475 1342 572 Virgilium

335 569 371 641 »ri
390 582 494 665 apina
509 578 635 657 servare
656 579 818 660 voluisse,
834 603 909 673 quar
928 598 966 650 ut
983 575 1165 669 plurimum
1182 575 1258 647 falsa
1280 573 1342 645 est.

336 673 445 761 Quod
461 675 541 747 inihi
560 701 626 746 non
642 677 760 768 placet.
787 677 955 748 Succurrit
970 675 1055 745 milti
1074 698 1162 746 nunc
1176 669 1343 744 Aristote-

336 767 378 840 lis
404 772 497 842 locus
523 772 555 840 in
582 773 637 842 lib.
660 779 700 846 de
720 773 859 844 moribus
876 797 908 850 2·
930 773 1016 844 circa
1030 769 1154 862 finem,
1180 768 1342 861 nusquam

337 869 431 958 quod
452 866 569 945 sciam,
592 869 633 940 ab
654 869 884 961 interpretibus
903 863 1101 950 declaratus,
1117 869 1174 961 qui
1195 863 1275 938 &st
1299 866 1342 934 ad

303 965 305 969 ’
337 963 486 1036 nostrum
503 966 666 1038 emblema
681 992 748 1038 non
763 960 906 1039 maxime
923 967 1103 1056 pertineat,
1117 963 1158 1035 ab
1170 961 1278 1057 Scylla
1290 980 1341 1034 ta·

336 1083 436 1142 men,
457 1059 493 1134 ὅζ
512 1059 691 1159 Charybde
708 1087 775 1134 non
792 1063 948 1161 abhorret
967 1063 1116 1135 omnino.
1153 1062 1270 1151 Quem
1289 1060 1343 1131 lo-

338 1179 417 1228 cum
436 1180 497 1250 pro
515 1159 641 1232 viribus
667 1163 840 1251 explanare
859 1159 1080 1240 tentabimus,
1102 1155 1203 1252 longi
1227 1157 1342 1233 aliter,

338 1252 440 1346 quiin
455 1277 570 1326 omnes
590 1257 793 1352 intelligunt,
809 1281 893 1349 quos
908 1257 944 1330 dc
957 1259 1069 1350 legere
1082 1255 1119 1329 dc
1132 1253 1246 1326 audite
1260 1276 1341 1324 con·

337 1350 463 1444 tigerit.
491 1351 605 1425 Verba
622 1356 722 1447 igitur
739 1354 860 1424 Atilio.
876 1354 946 1427 haec
960 1353 1050 1424 sunt:
1070 1354 1186 1443 Quare
1203 1364 1340 1429 omnes',

339 1448 397 1540 qui
424 1449 687 1522 mediocritatem
704 1449 953 1544 investigant&
973 1451 1168 1541 exquirunt,
1193 1445 1341 1542 primum

338 1543 382 1614 ab
403 1567 445 1612 eo
462 1542 606 1626 debent,
626 1551 721 1640 ‘quod
738 1550 845 1642 magia
865 1548 897 1618 ei
920 1551 1121 1618 contrarium
1144 1544 1209 1632 ell,
1232 1542 1342 1616 disce-

339 1640 443 1719 dere,
463 1648 749 1734 quemadmodum
767 1643 912 1739 Calypso
929 1645 1115 1723 monebat,

388 1739 497 1809 Extra
524 1742 640 1814 undam
663 1740 702 1814 (7
718 1739 846 1829 furnum
869 1737 965 1837 longi
989 1742 1139 1834 compelle
1163 1739 1317 1814 carinam.

337 1830 423 1904 Hoc
443 1835 563 1907 Aristo.
609 1841 692 1930 Quo
719 1841 751 1907 in
772 1840 848 1908 loco
874 1836 984 1929 primi)
1008 1836 1054 1909 est
1072 1843 1254 1910 notandum
1272 1836 1343 1926 lap-

338 1929 412 2000 sum
438 1933 650 2026 Aristotelem
675 1937 858 2013 memoria,
879 1954 914 2004 ut
941 1935 1025 2026 saepe
1052 1932 1158 2016 solet,
1181 1935 1258 2006 clam
1286 1935 1342 2001 ci-

339 2043 386 2099 tat
403 2028 608 2104 Homerum.
653 2033 744 2102 Nam
766 2050 801 2102 ut
822 2055 939 2102 omnes
963 2031 1010 2101 ibi
1033 2051 1169 2109 notant,
1195 2027 1344 2124 Calypso

338 2125 448 2216 posuit
474 2153 535 2217 pro
556 2129 670 2200 Circe.
714 2129 778 2198 Sed
805 2152 873 2221 ego
904 2152 965 2216 pro
1000 2128 1146 2223 Calypso
1176 2153 1342 2220 reponen-

341 2223 422 2290 dum
436 2222 579 2304 censeo,
598 2222 736 2316 Ulylles.
780 2226 872 2294 Nam
896 2225 1010 2303 locus,
1032 2252 1131 2316 quem
1151 2226 1344 2298 Aristoteles

340 2317 418 2388 citat
445 2318 490 2389 est
514 2324 602 2407 apud
626 2321 821 2410 Homerum
842 2323 897 2390 lid.
925 2319 1036 2418 Odyffi
1049 2343 1103 2401 12.
1148 2323 1264 2396 Verba
1285 2349 1343 2400 au·

238 2448 239 2453 .
341 2420 411 2483 tem
435 2414 504 2485 sunt
538 2418 657 2514 Ulylsts
683 2419 723 2489 ad
748 2419 939 2489 nauclerum
969 2422 1091 2513 suum,
1116 2410 1280 2513 jubentii,
1306 2435 1344 2492 ut

340 2534 462 2583 navem
490 2512 640 2587 delledlat
671 2513 770 2610 longe
798 2515 815 2586 it
839 2516 934 2590 fumo
969 2519 1005 2594 u
1036 2520 1156 2601 unda„
1181 2520 1239 2589 ubi
1268 2537 1346 2590 ‘erat

343 2608 543 2705 Charybdis.
589 2614 679 2685 Nam
709 2614 749 2681 de
781 2612 888 2710 Scylla
917 2640 984 2684 non
1013 2615 1107 2687 ausus
1135 2616 1181 2691 est
1210 2616 1347 2711 -Ulylses

341 2705 488 2780 verbum
513 2709 647 2794 facere,¹
665 2735 706 2780 ne
727 2709 763 2783 dt
780 2710 935 2783 socios&
951 2730 1081 2786 nautam
1104 2731 1239 2781 terreret
1258 2713 1347 2783 mul-

342 2806 483 2887 titudine
512 2809 769 2898 periculorum,
801 2829 837 2881 ut
860 2808 997 2900 ipsemet
1023 2806 1148 2901 Ulylles
1173 2806 1273 2897 pauli)
1293 2809 1350 2877 in·

228 2908 229 2919 ’
283 2982 289 2988 ,
341 2900 445 2976 letius
469 2905 610 2977 testatur.
655 2905 811 2999 Denique
838 2905 983 2998 intellige
1005 2903 1137 2973 sumum
1162 2901 1349 2978 &undam

343 3001 472 3087 tantitm
501 3026 562 3092 pro
586 3002 767 3099 Charybdi.
812 3003 934 3072 Monet
960 3005 1048 3069 enim
1075 2998 1288 3083 Aristoteles,
1308 3020 1349 3073 ut

344 3100 476 3192 quando
503 3099 620 3178 vitium
648 3102 780 3190 aliquod
811 3098 929 3192 fugere
954 3096 1181 3175 voluerimus,
1206 3100 1240 3170 in
1266 3124 1351 3169 con·

344 3198 491 3269 tracium,
509 3192 733 3269 delledlamus.
778 3195 831 3266 Sic
858 3194 946 3264 enim
974 3195 1124 3266 medium
1153 3193 1272 3267 melius
1297 3214 1353 3271 te-

345 3298 538 3367 nuerimus:
573 3290 675 3389 idque
701 3292 819 3386 probat
846 3293 1076 3380 experimento
1095 3294 1259 3376 illorum,
1288 3295 1351 3384 qui

346 3412 513 3463 contortas
537 3393 647 3485 virgas
673 3393 706 3459 in
722 3392 853 3461 redium
877 3389 1036 3484 dirigunt·
1075 3393 1128 3464 Ex
1153 3391 1202 3463 his
1224 3389 1299 3461 colli
1327 3414 1351 3461 e

346 3486 461 3558 frustra
487 3486 639 3580 lcripstlse
659 3485 834 3560 Erasmum
858 3489 1013 3582 adagium
1040 3480 1139 3567 illud,
1168 3414 1352 3575 extra'fii-
1414 3557 1415 3560 ,

347 3608 433 3655 munt
456 3584 497 3659 (2⁸
518 3586 646 3657 undam.
691 3587 852 3679 Namque
873 3583 1164 3681 nequeadagium
1178 3583 1261 3653 illud
1281 3585 1356 3666 est,

287 3695 289 3701 ’
347 3702 409 3748 nec
431 3680 523 3753 locus
543 3684 742 3773 explicatur,
767 3708 829 3752 nec
852 3680 972 3752 metitd
996 3700 1123 3751 taxatur
1149 3685 1353 3775 Argyropy-

349 3778 425 3854 lus,
453 3778 509 3871 qui
537 3777 573 3852 ὅ(
600 3776 624 3849 st
652 3804 719 3850 non
751 3780 888 3851 omnino
915 3772 1051 3868 scopum
1078 3777 1211 3872 tetigit,
1240 3777 1355 3849 minito

349 3895 460 3945 tamen
483 3871 645 3949 aberravit
670 3878 704 3945 in
729 3876 786 3948 sua
812 3873 1027 3946 transsatione.
1061 3876 1223 3946 Ptaeterea
1249 3876 1356 3957 versi-j

349 3974 441 4047 culus
465 3972 540 4059 ille,
565 3971 622 4066 qui
647 3972 881 4053 circumfertur
904 3973 1182 4059 incertorum,
1262 4050 1337 4140 hi·

1305 4092 1360 4141 ct-
