3175 4825
394 399 610 476 'Ancrnnt
646 403 887 481 Euenum
911 407 1113 488 xxxm.
1195 433 1270 498 101

248 527 518 606 offisnderenrur.
562 525 729 602 Prollrato
751 554 794 602 eo
823 532 974 606 Lacones
998 533 1190 628 frequentes
1214 561 1271 608 ac·

251 639 423 705 currunt,
445 625 627 719 vivumque
651 627 794 718 capiunt.
837 629 1008 722 Ceperunt
1027 633 1111 703 item
1131 655 1175 704 ex
1197 632 1271 726 ejus

253 719 424 798 militibus
452 723 583 794 circiter
607 724 854 819 quinquaginta.
903 726 983 798 Hos
1007 752 1127 804 omnes
1155 729 1272 802 Lace·

257 819 419 894 daemonii
442 820 476 890 in
499 817 662 894 'Caeadam
687 820 857 909 (barathri
880 823 914 894 id
939 847 1063 896 nomen
1086 843 1176 904 erat,
1198 825 1268 920 qud

258 916 510 991 Laccdaemonii
545 935 704 988 nocentes
742 919 1027 1015 praecipitabaut)
1047 923 1271 1016 *abjiciendos

254 1015 464 1090 censuerunt.
507 1011 631 1086 Caeteri
644 1015 799 1088 Melienii
817 1016 937 1112 dejedii
957 1018 990 1089 itt
1007 1018 1165 1092 Caeadam
1184 1045 1268 1094 con-

251 1114 347 1186 tinud
373 1115 562 1206 perierunt.
615 1111 861 1198 Aristomenem
885 1133 999 1190 autem
1029 1135 1104 1190 mm
1131 1141 1269 1211 quoque

245 1231 286 1283 ut
313 1228 415 1284 antea
450 1212 595 1283 deorum
618 1211 732 1306 aliquis
754 1211 972 1288 conservavit.
1012 1217 1120 1288 Aiunt
1146 1213 1271 1285 etenim

243 1310 418 1402 Aquilam
433 1306 550 1382 volatu
567 1305 599 1380 se
620 1306 797 1381 submifisse
817 1309 939 1404 alisque
959 1313 1056 1387 illum
1072 1311 1271 1393 sullinuilse,

244 1410 367 1478 donec
386 1407 431 1476 ad
451 1403 555 1480 linem
577 1403 720 1478 barathri
736 1408 922 1498 perveniret
946 1411 1073 1486 illaesus.
1111 1409 1185 1484 Hic
1201 1408 1272 1505 jam

245 1502 494 1578 Aristomenes
515 1503 595 1575 forti
616 1503 652 1576 &
671 1504 893 1598 imperterrito
910 1508 1021 1582 animo
1044 1529 1193 1584 mortem
1208 1532 1272 1582 ex·

246 1598 430 1696 petiiabat.¹
472 1599 606 1672 Sciebat
637 1602 727 1672 enim
758 1601 856 1675 fatale
885 1602 1077 1680 hominibus
1109 1603 1200 1689 else,
1231 1619 1273 1677 ut

250 1714 487 1772 morerentur.
528 1698 724 1771 Obvolutus
748 1718 819 1770 erat
851 1701 960 1793 pallio.
1007 1702 1129 1774 Tertio
1156 1722 1272 1777 autem

247 1797 304 1867 die
324 1793 427 1889 pbst,
452 1791 533 1865 citm
554 1795 727 1888 strepitum
746 1792 898 1877 sentiret,
922 1796 1007 1872 facie
1026 1800 1176 1880 detesto,
1192 1798 1273 1872 vul·

249 1918 331 1986 pem
368 1893 535 1964 cadavera
566 1894 801 1964 corrodentem
835 1894 972 1988 aspexit.
1024 1895 1167 1968 Tacitus
1197 1893 1272 1982 srvit

251 1991 343 2063 illam
366 1992 411 2062 ad
442 1985 476 2058 se
499 1992 667 2062 accedere.
712 1991 798 2062 Eam
824 2009 865 2063 ut
892 1991 1050 2075 accedit,
1082 1993 1184 2084 cepit.
1227 1989 1272 2061 Et

252 2088 356 2160 altera
379 2109 489 2157 manu
514 2085 726 2183 chlamydem
753 2089 973 2162 mordendatu
995 2088 1107 2162 bestiae
1131 2085 1274 2184 objicie-

254 2183 339 2264 bat,
359 2207 401 2255 rte
423 2180 609 2260 luderetur.
650 2185 785 2279 Fugere
801 2187 972 2259 volentem
990 2184 1191 2283 sequebatur
1212 2205 1274 2276 per

262 2278 416 2352 tenebras
437 2278 637 2372 apprehensa
662 2283 786 2354 cauda:
811 2280 957 2377 ct'tmque
981 2282 1014 2355 in
1037 2285 1111 2358 loca
1137 2281 1272 2356 transitu

265 2371 416 2447 difficilia
433 2375 507 2449 ellet
527 2395 744 2472 perventum,
766 2376 784 2452 i
804 2379 906 2455 bestia
927 2378 973 2453 est
995 2380 1134 2456 avulsus.
1175 2381 1274 2454 Tan·

263 2476 351 2544 dem
368 2469 405 2545 ὃ(
418 2498 585 2547 cavernam
611 2480 774 2571 quandam
793 2476 1033 2568 deprehendit,
1056 2480 1093 2553 &
1114 2499 1273 2572 peream

165 2580 167 2603 ‘
259 2570 406 2644 luminis
427 2568 627 2662 splendorem
652 2575 755 2645 vidit:
782 2593 862 2646 tunc
889 2575 1026 2664 vulpem
1046 2572 1192 2657 dimisit,
1215 2596 1275 2643 ca-

257 2690 468 2762 vernamque
490 2671 643 2743 latiorem
663 2668 816 2742 manibus
831 2669 995 2748 reddidit,
1012 2666 1222 2760 domumque
1237 2667 1275 2738 iu

254 2767 354 2839 Iram
382 2783 536 2840 montem
556 2766 734 2837 incolumis
758 2765 868 2836 evafit.
912 2762 1096 2857 Extemplb
1116 2766 1276 2839 Lacedae·

256 2862 384 2937 moniis
412 2862 459 2935 eli
483 2888 543 2951 per
566 2861 752 2957 transfugas
776 2862 970 2933 nunciatum
996 2864 1109 2935 vivere
1138 2861 1275 2935 Aristo·

256 2986 413 3033 menem.
454 2959 550 3033 Huic
578 2963 711 3034 rumori
739 2982 807 3031 non
831 2956 942 3033 minits
966 2956 1048 3031 fidei
1075 2957 1121 3032 est
1145 2958 1277 3035 adhibi-

258 3078 359 3137 tum,
390 3054 495 3151 quim
518 3056 542 3128 fi
565 3078 717 3144 mortuus
740 3054 805 3131 suis
825 3054 950 3130 viribus
973 3055 1125 3130 revixisse
1147 3059 1277 3129 dicere-

258 3175 327 3229 mr.
372 3156 471 3228 Dum
504 3154 577 3228 haec
610 3175 775 3251 aguntur,
808 3152 977 3229 Corinthii
1011 3151 1278 3224 Lacedamoniis

258 3255 398 3326 mittunt
423 3253 611 3323 exercitum
643 3254 683 3327 ad
715 3252 975 3344 expugnandam
1007 3250 1111 3319 iram.
1167 3244 1279 3337 Cujus
1382 3278 1387 3285 ·

259 3353 308 3425 tei
333 3347 417 3423 citm
441 3346 668 3421 Aristomenes
691 3346 768 3421 ellet
794 3349 903 3419 fabius
930 3344 1054 3417 certior
1079 3365 1140 3435 per
1161 3343 1279 3433 explo-

260 3465 414 3523 ratores,
439 3448 538 3520 nosle
559 3446 680 3536 sopbra
706 3442 840 3517 securos
853 3445 890 3519 br
903 3437 1075 3535 palantes,
1091 3461 1153 3508 nec
1171 3462 1278 3513 excu-

260 3543 331 3619 bias
357 3560 495 3641 agentes
513 3543 710 3619 Corinthios
735 3542 876 3613 trucidat
897 3562 976 3613 cum
999 3533 1175 3619 Ducibus,
1200 3538 1279 3630 spo-,
1353 3538 1357 3548 '

260 3640 372 3736 linque
400 3642 547 3733 diripuit.
587 3642 679 3732 Quae
699 3660 753 3711 res
775 3634 909 3721 effecit,
934 3652 973 3707 ut
993 3634 1139 3728 Spartani
1158 3638 1277 3708 crede·v

259 3758 338 3812 rent
364 3739 615 3811 Arillomenem
647 3739 772 3813 vivere.
823 3734 1073 3809 Lacedaemonii
1105 3730 1179 3825 poll
1203 3730 1278 3805 haec

260 3837 481 3933 quadraginta
509 3833 638 3909 dierum
662 3834 812 3907 inducias
835 3855 914 3902 cum
939 3830 1005 3904 Itu
1029 3831 1149 3912 incolis
1175 3830 1279 3923 pepi-

260 3951 410 4027 gerunt:
435 3932 471 4007 dr
497 3930 556 4023 ipst
582 3931 719 4023 quidem
739 3932 883 4009 domum
907 3925 1031 4002 reversi
1051 3927 1170 4002 festum
1190 3924 1278 3995 cele·

261 4031 414 4109 brarunt.
434 4028 632 4106 ‚Cretenses
660 4048 783 4133 auternv
805 4024 962 4122 sagittarii
992 4048 1054 4121 pet
1078 4020 1279 4098 Melieniam
1401 4044 1409 4051 ·

802 4124 837 4202 G
863 4144 884 4217 3
1165 4102 1299 4206 taffiffl·
