<?xml version="1.0" encoding="UTF-8"?>
<!DOCTYPE html PUBLIC "-//W3C//DTD XHTML 1.0 Transitional//EN"
    "http://www.w3.org/TR/xhtml1/DTD/xhtml1-transitional.dtd">
<html xmlns="http://www.w3.org/1999/xhtml" xml:lang="en" lang="en">
 <head>
  <title>
</title>
<meta http-equiv="Content-Type" content="text/html;charset=utf-8" />
  <meta name='ocr-system' content='tesseract 3.04.00' />
  <meta name='ocr-capabilities' content='ocr_page ocr_carea ocr_par ocr_line ocrx_word'/>
</head>
<body>
  <div class='ocr_page' id='page_1' title='image "./operaomniaunacu01siscgoog_0054.png"; bbox 0 0 3175 4825; ppageno 0'>
   <div class='ocr_carea' id='block_1_1' title="bbox 321 489 1144 603">
    <p class='ocr_par' dir='ltr' id='par_1_1' title="bbox 321 489 1144 603">
     <span class='ocr_line' id='line_1_1' title="bbox 321 489 1144 603; baseline -0.009 -17"><span class='ocrx_word' id='word_1_1' title='bbox 321 509 373 603; x_wconf 75' lang='lat'>&#39;46</span> <span class='ocrx_word' id='word_1_2' title='bbox 543 489 1144 580; x_wconf 61' lang='lat' dir='ltr'>consererentur.</span> 
     </span>
    </p>
   </div>
   <div class='ocr_carea' id='block_1_2' title="bbox 237 624 1421 2383">
    <p class='ocr_par' dir='ltr' id='par_1_2' title="bbox 237 624 1421 2383">
     <span class='ocr_line' id='line_1_2' title="bbox 319 624 1414 723; baseline 0 -21"><span class='ocrx_word' id='word_1_3' title='bbox 319 647 424 703; x_wconf 88' lang='lat' dir='ltr'>tatem</span> <span class='ocrx_word' id='word_1_4' title='bbox 448 624 633 704; x_wconf 75' lang='lat' dir='ltr'>asserturos.</span> <span class='ocrx_word' id='word_1_5' title='bbox 684 629 754 702; x_wconf 89' lang='lat' dir='ltr'>Ubi</span> <span class='ocrx_word' id='word_1_6' title='bbox 778 630 849 701; x_wconf 90' lang='lat' dir='ltr'>dies</span> <span class='ocrx_word' id='word_1_7' title='bbox 873 627 974 702; x_wconf 85' lang='lat' dir='ltr'>fellus</span> <span class='ocrx_word' id='word_1_8' title='bbox 999 632 1158 716; x_wconf 88' lang='lat' dir='ltr'>advenit,</span> <span class='ocrx_word' id='word_1_9' title='bbox 1189 627 1322 723; x_wconf 73' lang='lat' dir='ltr'>Hippias</span> <span class='ocrx_word' id='word_1_10' title='bbox 1408 639 1414 718; x_wconf 70' lang='lat' dir='ltr'>ll</span> 
     </span>
     <span class='ocr_line' id='line_1_3' title="bbox 318 726 1322 821; baseline 0 -21"><span class='ocrx_word' id='word_1_11' title='bbox 318 728 467 800; x_wconf 83' lang='lat' dir='ltr'>exterius</span> <span class='ocrx_word' id='word_1_12' title='bbox 490 729 525 798; x_wconf 92' lang='lat' dir='ltr'>in</span> <span class='ocrx_word' id='word_1_13' title='bbox 549 727 653 813; x_wconf 89' lang='lat' dir='ltr'>loco,</span> <span class='ocrx_word' id='word_1_14' title='bbox 686 730 744 821; x_wconf 93' lang='lat' dir='ltr'>qui</span> <span class='ocrx_word' id='word_1_15' title='bbox 768 728 967 801; x_wconf 81' lang='lat' dir='ltr'>Ceramicus</span> <span class='ocrx_word' id='word_1_16' title='bbox 990 729 1134 814; x_wconf 87' lang='lat' dir='ltr'>dicitur,</span> <span class='ocrx_word' id='word_1_17' title='bbox 1164 750 1243 800; x_wconf 91' lang='lat' dir='ltr'>cum</span> <span class='ocrx_word' id='word_1_18' title='bbox 1269 726 1322 800; x_wconf 86' lang='lat' dir='ltr'>ha·</span> 
     </span>
     <span class='ocr_line' id='line_1_4' title="bbox 317 814 1409 920; baseline -0.001 -24"><span class='ocrx_word' id='word_1_19' title='bbox 317 825 407 898; x_wconf 88' lang='lat' dir='ltr'>slatis</span> <span class='ocrx_word' id='word_1_20' title='bbox 429 823 634 908; x_wconf 83' lang='lat' dir='ltr'>exornabat,</span> <span class='ocrx_word' id='word_1_21' title='bbox 664 825 951 919; x_wconf 76' lang='lat' dir='ltr'>quemadmodum</span> <span class='ocrx_word' id='word_1_22' title='bbox 978 825 1182 920; x_wconf 80' lang='lat' dir='ltr'>oportebat,</span> <span class='ocrx_word' id='word_1_23' title='bbox 1206 824 1320 920; x_wconf 79' lang='lat' dir='ltr'>singula</span> <span class='ocrx_word' id='word_1_24' title='bbox 1407 814 1409 915; x_wconf 80' lang='lat' dir='ltr'>l</span> 
     </span>
     <span class='ocr_line' id='line_1_5' title="bbox 316 922 1413 1018; baseline 0.001 -25"><span class='ocrx_word' id='word_1_25' title='bbox 316 923 354 993; x_wconf 88' lang='lat' dir='ltr'>in</span> <span class='ocrx_word' id='word_1_26' title='bbox 377 949 503 1016; x_wconf 90' lang='lat' dir='ltr'>pompa</span> <span class='ocrx_word' id='word_1_27' title='bbox 529 927 724 1015; x_wconf 84' lang='lat' dir='ltr'><strong>procedere.</strong></span> <span class='ocrx_word' id='word_1_28' title='bbox 756 922 968 995; x_wconf 82' lang='lat' dir='ltr'><strong>Harmodius</strong></span> <span class='ocrx_word' id='word_1_29' title='bbox 991 944 1105 999; x_wconf 88' lang='lat' dir='ltr'>autem</span> <span class='ocrx_word' id='word_1_30' title='bbox 1129 940 1229 1018; x_wconf 89' lang='lat' dir='ltr'>atque</span> <span class='ocrx_word' id='word_1_31' title='bbox 1250 922 1323 996; x_wconf 85' lang='lat' dir='ltr'>Ati·</span> <span class='ocrx_word' id='word_1_32' title='bbox 1409 930 1413 979; x_wconf 78' lang='lat' dir='ltr'>l</span> 
     </span>
     <span class='ocr_line' id='line_1_6' title="bbox 316 1018 1416 1116; baseline 0.001 -23"><span class='ocrx_word' id='word_1_33' title='bbox 316 1018 465 1115; x_wconf 84' lang='lat' dir='ltr'>slogiton</span> <span class='ocrx_word' id='word_1_34' title='bbox 491 1018 570 1092; x_wconf 76' lang='lat' dir='ltr'>clim</span> <span class='ocrx_word' id='word_1_35' title='bbox 594 1019 732 1113; x_wconf 87' lang='lat' dir='ltr'>sumptis</span> <span class='ocrx_word' id='word_1_36' title='bbox 753 1020 819 1110; x_wconf 88' lang='lat' dir='ltr'>jam</span> <span class='ocrx_word' id='word_1_37' title='bbox 845 1021 1053 1116; x_wconf 84' lang='lat' dir='ltr'>pugionibus</span> <span class='ocrx_word' id='word_1_38' title='bbox 1077 1024 1119 1095; x_wconf 88' lang='lat' dir='ltr'>ad</span> <span class='ocrx_word' id='word_1_39' title='bbox 1149 1045 1234 1116; x_wconf 85' lang='lat' dir='ltr'>opus</span> <span class='ocrx_word' id='word_1_40' title='bbox 1252 1045 1322 1113; x_wconf 87' lang='lat' dir='ltr'>pro·</span> <span class='ocrx_word' id='word_1_41' title='bbox 1412 1031 1416 1084; x_wconf 85' lang='lat' dir='ltr'>l</span> 
     </span>
     <span class='ocr_line' id='line_1_7' title="bbox 315 1118 1325 1215; baseline 0.003 -28"><span class='ocrx_word' id='word_1_42' title='bbox 315 1118 478 1201; x_wconf 73' lang='lat' dir='ltr'>difflant,</span> <span class='ocrx_word' id='word_1_43' title='bbox 515 1119 752 1210; x_wconf 84' lang='lat' dir='ltr'>conspicientes</span> <span class='ocrx_word' id='word_1_44' title='bbox 779 1122 945 1210; x_wconf 83' lang='lat' dir='ltr'>quendam</span> <span class='ocrx_word' id='word_1_45' title='bbox 973 1122 1015 1192; x_wconf 90' lang='lat' dir='ltr'>de</span> <span class='ocrx_word' id='word_1_46' title='bbox 1050 1120 1230 1215; x_wconf 86' lang='lat' dir='ltr'>conjuratis</span> <span class='ocrx_word' id='word_1_47' title='bbox 1253 1143 1325 1191; x_wconf 87' lang='lat' dir='ltr'>cum</span> 
     </span>
     <span class='ocr_line' id='line_1_8' title="bbox 314 1213 1413 1310; baseline -0.003 -22"><span class='ocrx_word' id='word_1_48' title='bbox 314 1213 446 1310; x_wconf 89' lang='lat' dir='ltr'>Hippia</span> <span class='ocrx_word' id='word_1_49' title='bbox 465 1217 668 1287; x_wconf 83' lang='lat' dir='ltr'>familiariter</span> <span class='ocrx_word' id='word_1_50' title='bbox 688 1215 903 1308; x_wconf 89' lang='lat' dir='ltr'>loquentem,</span> <span class='ocrx_word' id='word_1_51' title='bbox 920 1219 1169 1299; x_wconf 78' lang='lat' dir='ltr'>extimuerunt,</span> <span class='ocrx_word' id='word_1_52' title='bbox 1184 1215 1322 1289; x_wconf 86' lang='lat' dir='ltr'>arbitrati</span> <span class='ocrx_word' id='word_1_53' title='bbox 1407 1223 1413 1266; x_wconf 51' lang='grc' dir='ltr'>ἱ</span> 
     </span>
     <span class='ocr_line' id='line_1_9' title="bbox 237 1309 1417 1409; baseline 0 -23"><span class='ocrx_word' id='word_1_54' title='bbox 237 1316 240 1321; x_wconf 75' lang='grc'><em>“</em></span> <span class='ocrx_word' id='word_1_55' title='bbox 312 1338 388 1386; x_wconf 88' lang='lat' dir='ltr'>rem</span> <span class='ocrx_word' id='word_1_56' title='bbox 412 1313 521 1404; x_wconf 84' lang='lat' dir='ltr'>palam</span> <span class='ocrx_word' id='word_1_57' title='bbox 545 1313 667 1409; x_wconf 72' lang='lat' dir='ltr'>sabbam</span> <span class='ocrx_word' id='word_1_58' title='bbox 686 1310 771 1397; x_wconf 85' lang='lat' dir='ltr'>esle,</span> <span class='ocrx_word' id='word_1_59' title='bbox 791 1309 987 1408; x_wconf 81' lang='lat' dir='ltr'>tanttimque</span> <span class='ocrx_word' id='word_1_60' title='bbox 1001 1340 1070 1387; x_wconf 90' lang='lat' dir='ltr'>non</span> <span class='ocrx_word' id='word_1_61' title='bbox 1091 1315 1123 1386; x_wconf 88' lang='lat' dir='ltr'>se</span> <span class='ocrx_word' id='word_1_62' title='bbox 1141 1313 1209 1408; x_wconf 88' lang='lat' dir='ltr'>jam</span> <span class='ocrx_word' id='word_1_63' title='bbox 1235 1335 1341 1387; x_wconf 65' lang='lat' dir='ltr'>com·v</span> <span class='ocrx_word' id='word_1_64' title='bbox 1408 1321 1417 1394; x_wconf 84' lang='lat' dir='ltr'>l</span> 
     </span>
     <span class='ocr_line' id='line_1_10' title="bbox 312 1407 1325 1505; baseline 0.003 -24"><span class='ocrx_word' id='word_1_65' title='bbox 312 1411 518 1504; x_wconf 87' lang='lat' dir='ltr'>prehensum</span> <span class='ocrx_word' id='word_1_66' title='bbox 545 1410 595 1482; x_wconf 89' lang='lat' dir='ltr'>iri.</span> <span class='ocrx_word' id='word_1_67' title='bbox 636 1409 757 1502; x_wconf 85' lang='lat' dir='ltr'>Itaque</span> <span class='ocrx_word' id='word_1_68' title='bbox 779 1434 887 1491; x_wconf 89' lang='lat' dir='ltr'>eum,</span> <span class='ocrx_word' id='word_1_69' title='bbox 909 1407 937 1500; x_wconf 67' lang='lat' dir='ltr'>h=</span> <span class='ocrx_word' id='word_1_70' title='bbox 955 1436 1024 1505; x_wconf 91' lang='lat' dir='ltr'>quo</span> <span class='ocrx_word' id='word_1_71' title='bbox 1051 1415 1181 1487; x_wconf 88' lang='lat' dir='ltr'>fueram</span> <span class='ocrx_word' id='word_1_72' title='bbox 1212 1413 1325 1484; x_wconf 89' lang='lat' dir='ltr'>dolore</span> 
     </span>
     <span class='ocr_line' id='line_1_11' title="bbox 313 1503 1418 1601; baseline 0.003 -20"><span class='ocrx_word' id='word_1_73' title='bbox 313 1505 445 1591; x_wconf 70' lang='lat' dir='ltr'>affecti,</span> <span class='ocrx_word' id='word_1_74' title='bbox 469 1509 505 1581; x_wconf 74' lang='grc' dir='ltr'><strong>ἃ</strong></span> <span class='ocrx_word' id='word_1_75' title='bbox 524 1533 586 1600; x_wconf 89' lang='lat' dir='ltr'>per</span> <span class='ocrx_word' id='word_1_76' title='bbox 611 1530 713 1601; x_wconf 90' lang='lat' dir='ltr'>quem</span> <span class='ocrx_word' id='word_1_77' title='bbox 737 1508 829 1581; x_wconf 91' lang='lat' dir='ltr'>omni</span> <span class='ocrx_word' id='word_1_78' title='bbox 852 1503 939 1579; x_wconf 81' lang='lat' dir='ltr'>slatcl</span> <span class='ocrx_word' id='word_1_79' title='bbox 959 1509 1249 1600; x_wconf 84' lang='lat' dir='ltr'>periclitabantur,</span> <span class='ocrx_word' id='word_1_80' title='bbox 1269 1537 1327 1584; x_wconf 86' lang='lat' dir='ltr'>vo·</span> <span class='ocrx_word' id='word_1_81' title='bbox 1367 1523 1369 1528; x_wconf 79' lang='grc'><strong>“</strong></span> <span class='ocrx_word' id='word_1_82' title='bbox 1410 1533 1418 1592; x_wconf 65' lang='lat' dir='ltr'>,t</span> 
     </span>
     <span class='ocr_line' id='line_1_12' title="bbox 312 1600 1417 1704; baseline 0.005 -29"><span class='ocrx_word' id='word_1_83' title='bbox 312 1605 447 1678; x_wconf 88' lang='lat' dir='ltr'>luerunt</span> <span class='ocrx_word' id='word_1_84' title='bbox 473 1603 618 1697; x_wconf 81' lang='lat' dir='ltr'>primbm</span> <span class='ocrx_word' id='word_1_85' title='bbox 640 1601 777 1684; x_wconf 89' lang='lat' dir='ltr'>ulcisci,</span> <span class='ocrx_word' id='word_1_86' title='bbox 802 1601 827 1675; x_wconf 90' lang='lat' dir='ltr'>fi</span> <span class='ocrx_word' id='word_1_87' title='bbox 849 1600 998 1697; x_wconf 84' lang='lat' dir='ltr'>possent,</span> <span class='ocrx_word' id='word_1_88' title='bbox 1019 1623 1119 1702; x_wconf 90' lang='lat' dir='ltr'>atque</span> <span class='ocrx_word' id='word_1_89' title='bbox 1144 1623 1326 1702; x_wconf 88' lang='lat' dir='ltr'>quoerant</span> <span class='ocrx_word' id='word_1_90' title='bbox 1416 1697 1417 1704; x_wconf 6' lang='grc' dir='ltr'>ἵ</span> 
     </span>
     <span class='ocr_line' id='line_1_13' title="bbox 312 1701 1417 1802; baseline 0.006 -29"><span class='ocrx_word' id='word_1_91' title='bbox 312 1701 431 1778; x_wconf 87' lang='lat' dir='ltr'>habitu</span> <span class='ocrx_word' id='word_1_92' title='bbox 455 1706 614 1776; x_wconf 90' lang='lat' dir='ltr'>vadentes</span> <span class='ocrx_word' id='word_1_93' title='bbox 638 1701 809 1773; x_wconf 74' lang='lat' dir='ltr'>introeunt</span> <span class='ocrx_word' id='word_1_94' title='bbox 835 1719 968 1792; x_wconf 84' lang='lat' dir='ltr'>portas,</span> <span class='ocrx_word' id='word_1_95' title='bbox 997 1706 1149 1802; x_wconf 71' lang='lat' dir='ltr'>nactique</span> <span class='ocrx_word' id='word_1_96' title='bbox 1171 1705 1326 1801; x_wconf 88' lang='lat' dir='ltr'>Hippar·</span> <span class='ocrx_word' id='word_1_97' title='bbox 1377 1711 1378 1717; x_wconf 74' lang='grc'>’</span> <span class='ocrx_word' id='word_1_98' title='bbox 1403 1711 1417 1766; x_wconf 74' lang='lat' dir='ltr'>t,</span> 
     </span>
     <span class='ocr_line' id='line_1_14' title="bbox 311 1799 1415 1892; baseline 0.006 -22"><span class='ocrx_word' id='word_1_99' title='bbox 311 1801 417 1873; x_wconf 88' lang='lat' dir='ltr'>chum</span> <span class='ocrx_word' id='word_1_100' title='bbox 443 1802 477 1872; x_wconf 89' lang='lat' dir='ltr'>in</span> <span class='ocrx_word' id='word_1_101' title='bbox 500 1803 598 1885; x_wconf 87' lang='lat' dir='ltr'>loco,</span> <span class='ocrx_word' id='word_1_102' title='bbox 624 1802 683 1892; x_wconf 89' lang='lat' dir='ltr'>qui</span> <span class='ocrx_word' id='word_1_103' title='bbox 705 1816 844 1871; x_wconf 88' lang='lat' dir='ltr'>vocatur</span> <span class='ocrx_word' id='word_1_104' title='bbox 861 1799 1093 1886; x_wconf 89' lang='lat' dir='ltr'>Leocorium‚</span> <span class='ocrx_word' id='word_1_105' title='bbox 1110 1800 1218 1875; x_wconf 88' lang='lat' dir='ltr'>llatim</span> <span class='ocrx_word' id='word_1_106' title='bbox 1244 1807 1326 1878; x_wconf 90' lang='lat' dir='ltr'>ado·</span> <span class='ocrx_word' id='word_1_107' title='bbox 1403 1819 1415 1866; x_wconf 40' lang='lat'>*³-</span> 
     </span>
     <span class='ocr_line' id='line_1_15' title="bbox 301 1892 1417 1998; baseline 0.005 -28"><span class='ocrx_word' id='word_1_108' title='bbox 301 1899 443 1973; x_wconf 84' lang='lat' dir='ltr'>riumur</span> <span class='ocrx_word' id='word_1_109' title='bbox 462 1892 647 1979; x_wconf 70' lang='lat' dir='ltr'>inconsultb</span> <span class='ocrx_word' id='word_1_110' title='bbox 660 1940 672 1979; x_wconf 91' lang='lat'>,</span> <span class='ocrx_word' id='word_1_111' title='bbox 687 1920 724 1970; x_wconf 87' lang='lat' dir='ltr'>ac</span> <span class='ocrx_word' id='word_1_112' title='bbox 744 1919 804 1989; x_wconf 92' lang='lat' dir='ltr'>per</span> <span class='ocrx_word' id='word_1_113' title='bbox 828 1894 1032 1970; x_wconf 85' lang='lat' dir='ltr'>iracundiam</span> <span class='ocrx_word' id='word_1_114' title='bbox 1054 1898 1224 1998; x_wconf 77' lang='lat' dir='ltr'>praeclpu&#39;e</span> <span class='ocrx_word' id='word_1_115' title='bbox 1245 1902 1328 1976; x_wconf 90' lang='lat' dir='ltr'>alter</span> <span class='ocrx_word' id='word_1_116' title='bbox 1408 1919 1417 1964; x_wconf 58' lang='grc' dir='ltr'>ἑ</span> 
     </span>
     <span class='ocr_line' id='line_1_16' title="bbox 309 1992 1415 2080; baseline -0.001 -13"><span class='ocrx_word' id='word_1_117' title='bbox 309 1995 359 2068; x_wconf 92' lang='lat' dir='ltr'>ob</span> <span class='ocrx_word' id='word_1_118' title='bbox 384 1996 565 2079; x_wconf 78' lang='lat' dir='ltr'>amasium,</span> <span class='ocrx_word' id='word_1_119' title='bbox 591 1994 672 2069; x_wconf 84' lang='lat' dir='ltr'>alter</span> <span class='ocrx_word' id='word_1_120' title='bbox 695 1992 741 2066; x_wconf 92' lang='lat' dir='ltr'>ob</span> <span class='ocrx_word' id='word_1_121' title='bbox 772 1995 938 2078; x_wconf 86' lang='lat' dir='ltr'>dedecus,</span> <span class='ocrx_word' id='word_1_122' title='bbox 964 1994 1116 2080; x_wconf 86' lang='lat' dir='ltr'>setium,</span> <span class='ocrx_word' id='word_1_123' title='bbox 1143 1999 1326 2072; x_wconf 89' lang='lat' dir='ltr'>occidunt·</span> <span class='ocrx_word' id='word_1_124' title='bbox 1408 2022 1415 2066; x_wconf 82' lang='grc'>·.</span> 
     </span>
     <span class='ocr_line' id='line_1_17' title="bbox 309 2089 1416 2190; baseline -0.004 -22"><span class='ocrx_word' id='word_1_125' title='bbox 309 2119 388 2188; x_wconf 87' lang='lat' dir='ltr'>que.</span> <span class='ocrx_word' id='word_1_126' title='bbox 431 2099 476 2168; x_wconf 93' lang='lat' dir='ltr'>Et</span> <span class='ocrx_word' id='word_1_127' title='bbox 493 2093 704 2190; x_wconf 82' lang='lat' dir='ltr'>Aristogiton</span> <span class='ocrx_word' id='word_1_128' title='bbox 724 2092 865 2187; x_wconf 75' lang='lat' dir='ltr'>quidem</span> <span class='ocrx_word' id='word_1_129' title='bbox 887 2089 1028 2168; x_wconf 88' lang='lat' dir='ltr'>haslatos</span> <span class='ocrx_word' id='word_1_130' title='bbox 1043 2091 1060 2167; x_wconf 73' lang='lat' dir='ltr'>*a</span> <span class='ocrx_word' id='word_1_131' title='bbox 1075 2096 1239 2190; x_wconf 88' lang='lat' dir='ltr'>principio</span> <span class='ocrx_word' id='word_1_132' title='bbox 1259 2098 1341 2170; x_wconf 84' lang='lat' dir='ltr'>de·-</span> <span class='ocrx_word' id='word_1_133' title='bbox 1408 2093 1416 2164; x_wconf 65' lang='grc' dir='ltr'>ζ</span> 
     </span>
     <span class='ocr_line' id='line_1_18' title="bbox 307 2186 1421 2283; baseline 0.008 -20"><span class='ocrx_word' id='word_1_134' title='bbox 307 2193 447 2266; x_wconf 84' lang='lat' dir='ltr'>vitavit:</span> <span class='ocrx_word' id='word_1_135' title='bbox 475 2190 596 2266; x_wconf 80' lang='lat' dir='ltr'>verbm</span> <span class='ocrx_word' id='word_1_136' title='bbox 627 2186 790 2261; x_wconf 90' lang='lat' dir='ltr'>concursu</span> <span class='ocrx_word' id='word_1_137' title='bbox 823 2188 1045 2265; x_wconf 89' lang='lat' dir='ltr'>multitudinis</span> <span class='ocrx_word' id='word_1_138' title='bbox 1078 2189 1192 2283; x_wconf 86' lang='lat' dir='ltr'>pollea</span> <span class='ocrx_word' id='word_1_139' title='bbox 1221 2217 1327 2268; x_wconf 87' lang='lat' dir='ltr'>com·</span> <span class='ocrx_word' id='word_1_140' title='bbox 1403 2195 1421 2271; x_wconf 67' lang='lat' dir='ltr'>&#39;i</span> 
     </span>
     <span class='ocr_line' id='line_1_19' title="bbox 308 2286 1421 2383; baseline 0.008 -25"><span class='ocrx_word' id='word_1_141' title='bbox 308 2287 490 2383; x_wconf 87' lang='lat' dir='ltr'>prehensus</span> <span class='ocrx_word' id='word_1_142' title='bbox 512 2313 581 2361; x_wconf 90' lang='lat' dir='ltr'>non</span> <span class='ocrx_word' id='word_1_143' title='bbox 607 2286 725 2360; x_wconf 89' lang='lat' dir='ltr'>leviter</span> <span class='ocrx_word' id='word_1_144' title='bbox 745 2286 904 2360; x_wconf 87' lang='lat' dir='ltr'>multatus</span> <span class='ocrx_word' id='word_1_145' title='bbox 928 2287 987 2361; x_wconf 89' lang='lat' dir='ltr'>est.</span> <span class='ocrx_word' id='word_1_146' title='bbox 1028 2287 1240 2366; x_wconf 83' lang='lat' dir='ltr'>Harmodius</span> <span class='ocrx_word' id='word_1_147' title='bbox 1264 2317 1328 2366; x_wconf 90' lang='lat' dir='ltr'>au·</span> <span class='ocrx_word' id='word_1_148' title='bbox 1407 2313 1421 2372; x_wconf 74' lang='lat' dir='ltr'>t</span> 
     </span>
    </p>
   </div>
   <div class='ocr_carea' id='block_1_3' title="bbox 274 2373 1422 2486">
    <p class='ocr_par' dir='ltr' id='par_1_3' title="bbox 274 2373 1422 2486">
     <span class='ocr_line' id='line_1_20' title="bbox 274 2373 1422 2486; baseline 0.011 -28"><span class='ocrx_word' id='word_1_149' title='bbox 274 2419 276 2422; x_wconf 95' lang='lat'>·</span> <span class='ocrx_word' id='word_1_150' title='bbox 307 2380 412 2460; x_wconf 71' lang='lat' dir='ltr'>temb</span> <span class='ocrx_word' id='word_1_151' title='bbox 429 2385 573 2483; x_wconf 75' lang='lat' dir='ltr'>vestigio</span> <span class='ocrx_word' id='word_1_152' title='bbox 593 2386 662 2458; x_wconf 91' lang='lat' dir='ltr'>illic</span> <span class='ocrx_word' id='word_1_153' title='bbox 679 2383 858 2461; x_wconf 88' lang='lat' dir='ltr'>occubuit.</span> <span class='ocrx_word' id='word_1_154' title='bbox 882 2383 972 2463; x_wconf 78' lang='lat' dir='ltr'>Haec</span> <span class='ocrx_word' id='word_1_155' title='bbox 986 2373 1223 2486; x_wconf 85' lang='lat' dir='ltr'>Thucydides.</span> <span class='ocrx_word' id='word_1_156' title='bbox 1256 2393 1329 2465; x_wconf 87' lang='lat' dir='ltr'>Sed</span> <span class='ocrx_word' id='word_1_157' title='bbox 1408 2416 1422 2472; x_wconf 50' lang='lat'>⁸:</span> 
     </span>
    </p>
   </div>
   <div class='ocr_carea' id='block_1_4' title="bbox 179 2486 821 2559">
    <p class='ocr_par' dir='ltr' id='par_1_4' title="bbox 179 2486 821 2559">
     <span class='ocr_line' id='line_1_21' title="bbox 179 2486 821 2559; baseline 0.005 -5"><span class='ocrx_word' id='word_1_158' title='bbox 179 2546 182 2554; x_wconf 91' lang='lat'>.</span> <span class='ocrx_word' id='word_1_159' title='bbox 306 2488 351 2558; x_wconf 91' lang='lat' dir='ltr'>de</span> <span class='ocrx_word' id='word_1_160' title='bbox 377 2486 503 2559; x_wconf 77' lang='lat' dir='ltr'>Leaena</span> <span class='ocrx_word' id='word_1_161' title='bbox 526 2486 614 2559; x_wconf 90' lang='lat' dir='ltr'>nulla</span> <span class='ocrx_word' id='word_1_162' title='bbox 640 2486 779 2558; x_wconf 87' lang='lat' dir='ltr'>mentio.</span> <span class='ocrx_word' id='word_1_163' title='bbox 818 2489 821 2497; x_wconf 84' lang='lat'>&#39;</span> 
     </span>
    </p>
   </div>
   <div class='ocr_carea' id='block_1_5' title="bbox 206 2578 1422 4122">
    <p class='ocr_par' dir='ltr' id='par_1_5' title="bbox 206 2578 1422 4122">
     <span class='ocr_line' id='line_1_22' title="bbox 336 2578 1422 2681; baseline 0.001 -23"><span class='ocrx_word' id='word_1_164' title='bbox 336 2676 339 2681; x_wconf 29' lang='grc'><strong>,</strong></span> <span class='ocrx_word' id='word_1_165' title='bbox 357 2585 568 2679; x_wconf 78' lang='lat' dir='ltr'>Cecropiam</span> <span class='ocrx_word' id='word_1_166' title='bbox 590 2584 702 2676; x_wconf 82' lang='lat' dir='ltr'>orer.)</span> <span class='ocrx_word' id='word_1_167' title='bbox 726 2582 769 2654; x_wconf 88' lang='lat' dir='ltr'>Id</span> <span class='ocrx_word' id='word_1_168' title='bbox 790 2578 837 2654; x_wconf 89' lang='lat' dir='ltr'>ell</span> <span class='ocrx_word' id='word_1_169' title='bbox 850 2581 912 2677; x_wconf 76' lang='lat' dir='ltr'>,jn</span> <span class='ocrx_word' id='word_1_170' title='bbox 927 2578 1130 2675; x_wconf 64' lang='lat' dir='ltr'>Ascropoti„</span> <span class='ocrx_word' id='word_1_171' title='bbox 1158 2587 1215 2659; x_wconf 87' lang='lat' dir='ltr'>Sic</span> <span class='ocrx_word' id='word_1_172' title='bbox 1231 2587 1330 2661; x_wconf 90' lang='lat' dir='ltr'>enim</span> <span class='ocrx_word' id='word_1_173' title='bbox 1420 2631 1422 2671; x_wconf 81' lang='grc'>;</span> 
     </span>
     <span class='ocr_line' id='line_1_23' title="bbox 307 2680 1422 2775; baseline 0.001 -21"><span class='ocrx_word' id='word_1_174' title='bbox 307 2682 482 2761; x_wconf 83' lang='lat' dir='ltr'>dicebatur</span> <span class='ocrx_word' id='word_1_175' title='bbox 509 2680 719 2754; x_wconf 87' lang='lat' dir='ltr'>Athenarum</span> <span class='ocrx_word' id='word_1_176' title='bbox 742 2704 830 2757; x_wconf 74' lang='lat' dir='ltr'>arx,</span> <span class='ocrx_word' id='word_1_177' title='bbox 857 2683 900 2753; x_wconf 93' lang='lat' dir='ltr'>de</span> <span class='ocrx_word' id='word_1_178' title='bbox 935 2705 1001 2775; x_wconf 84' lang='lat' dir='ltr'>qua</span> <span class='ocrx_word' id='word_1_179' title='bbox 1032 2682 1245 2758; x_wconf 89' lang='lat' dir='ltr'>Heliodorus</span> <span class='ocrx_word' id='word_1_180' title='bbox 1275 2684 1328 2755; x_wconf 89' lang='lat' dir='ltr'>li·</span> <span class='ocrx_word' id='word_1_181' title='bbox 1414 2703 1422 2773; x_wconf 53' lang='grc' dir='ltr'>ξ</span> 
     </span>
     <span class='ocr_line' id='line_1_24' title="bbox 305 2775 1332 2873; baseline -0.002 -21"><span class='ocrx_word' id='word_1_182' title='bbox 305 2779 408 2853; x_wconf 92' lang='lat' dir='ltr'>brum</span> <span class='ocrx_word' id='word_1_183' title='bbox 425 2777 559 2871; x_wconf 85' lang='lat' dir='ltr'>scripfit.</span> <span class='ocrx_word' id='word_1_184' title='bbox 601 2778 720 2850; x_wconf 89' lang='lat' dir='ltr'>Tradit</span> <span class='ocrx_word' id='word_1_185' title='bbox 741 2802 878 2873; x_wconf 88' lang='lat' dir='ltr'>quoque</span> <span class='ocrx_word' id='word_1_186' title='bbox 899 2775 1071 2851; x_wconf 86' lang='lat' dir='ltr'>Pausanias</span> <span class='ocrx_word' id='word_1_187' title='bbox 1085 2781 1120 2850; x_wconf 91' lang='lat' dir='ltr'>in</span> <span class='ocrx_word' id='word_1_188' title='bbox 1134 2780 1332 2871; x_wconf 80' lang='lat' dir='ltr'>acropoli,</span> 
     </span>
     <span class='ocr_line' id='line_1_25' title="bbox 305 2872 1422 2970; baseline -0.001 -20"><span class='ocrx_word' id='word_1_189' title='bbox 305 2898 382 2970; x_wconf 82' lang='lat' dir='ltr'>quae</span> <span class='ocrx_word' id='word_1_190' title='bbox 406 2877 486 2950; x_wconf 89' lang='lat' dir='ltr'>olim</span> <span class='ocrx_word' id='word_1_191' title='bbox 515 2875 686 2947; x_wconf 88' lang='lat' dir='ltr'>dicebatur</span> <span class='ocrx_word' id='word_1_192' title='bbox 712 2875 825 2958; x_wconf 90' lang='lat' dir='ltr'>Polis,</span> <span class='ocrx_word' id='word_1_193' title='bbox 853 2872 1087 2949; x_wconf 77' lang='lat' dir='ltr'>simulachrum</span> <span class='ocrx_word' id='word_1_194' title='bbox 1111 2876 1206 2949; x_wconf 82' lang='lat' dir='ltr'>fuisse</span> <span class='ocrx_word' id='word_1_195' title='bbox 1238 2880 1330 2955; x_wconf 90' lang='lat' dir='ltr'>Mi·</span> <span class='ocrx_word' id='word_1_196' title='bbox 1413 2892 1422 2969; x_wconf 46' lang='grc' dir='ltr'>ᾗ</span> 
     </span>
     <span class='ocr_line' id='line_1_26' title="bbox 304 2970 1422 3069; baseline 0.004 -23"><span class='ocrx_word' id='word_1_197' title='bbox 304 2972 439 3058; x_wconf 85' lang='lat' dir='ltr'>nervae,</span> <span class='ocrx_word' id='word_1_198' title='bbox 464 2976 556 3068; x_wconf 92' lang='lat' dir='ltr'>quod</span> <span class='ocrx_word' id='word_1_199' title='bbox 575 2970 595 3045; x_wconf 76' lang='lat' dir='ltr'>b</span> <span class='ocrx_word' id='word_1_200' title='bbox 619 2972 703 3044; x_wconf 84' lang='lat' dir='ltr'>caelo</span> <span class='ocrx_word' id='word_1_201' title='bbox 723 2970 892 3063; x_wconf 89' lang='lat' dir='ltr'>delapsum</span> <span class='ocrx_word' id='word_1_202' title='bbox 915 2991 1006 3043; x_wconf 89' lang='lat' dir='ltr'>tenet</span> <span class='ocrx_word' id='word_1_203' title='bbox 1022 2972 1128 3067; x_wconf 17' lang='lat' dir='ltr'>fama..</span> <span class='ocrx_word' id='word_1_204' title='bbox 1166 2979 1333 3069; x_wconf 86' lang='lat' dir='ltr'>Propen·</span> <span class='ocrx_word' id='word_1_205' title='bbox 1412 2982 1422 3053; x_wconf 69' lang='grc' dir='ltr'>ι’</span> 
     </span>
     <span class='ocr_line' id='line_1_27' title="bbox 303 3068 1422 3166; baseline 0.003 -22"><span class='ocrx_word' id='word_1_206' title='bbox 303 3072 404 3147; x_wconf 85' lang='lat' dir='ltr'>debat</span> <span class='ocrx_word' id='word_1_207' title='bbox 434 3070 576 3165; x_wconf 84' lang='lat' dir='ltr'>lychnus</span> <span class='ocrx_word' id='word_1_208' title='bbox 603 3092 723 3141; x_wconf 87' lang='lat' dir='ltr'>aureus</span> <span class='ocrx_word' id='word_1_209' title='bbox 754 3068 957 3141; x_wconf 87' lang='lat' dir='ltr'>Callimachi</span> <span class='ocrx_word' id='word_1_210' title='bbox 988 3095 1098 3164; x_wconf 76' lang='lat' dir='ltr'>opor,</span> <span class='ocrx_word' id='word_1_211' title='bbox 1129 3075 1187 3166; x_wconf 90' lang='lat' dir='ltr'>qui</span> <span class='ocrx_word' id='word_1_212' title='bbox 1216 3076 1332 3151; x_wconf 89' lang='lat' dir='ltr'>semel</span> <span class='ocrx_word' id='word_1_213' title='bbox 1410 3124 1422 3161; x_wconf 61' lang='lat'>.;</span> 
     </span>
     <span class='ocr_line' id='line_1_28' title="bbox 249 3163 1348 3263; baseline -0.013 -18"><span class='ocrx_word' id='word_1_214' title='bbox 249 3175 252 3182; x_wconf 86' lang='grc'>’</span> <span class='ocrx_word' id='word_1_215' title='bbox 304 3171 384 3244; x_wconf 89' lang='lat' dir='ltr'>oleo</span> <span class='ocrx_word' id='word_1_216' title='bbox 404 3168 543 3262; x_wconf 86' lang='lat' dir='ltr'>plenus,</span> <span class='ocrx_word' id='word_1_217' title='bbox 557 3168 657 3239; x_wconf 92' lang='lat' dir='ltr'>etiam</span> <span class='ocrx_word' id='word_1_218' title='bbox 674 3164 700 3238; x_wconf 89' lang='lat' dir='ltr'>st</span> <span class='ocrx_word' id='word_1_219' title='bbox 720 3163 863 3237; x_wconf 89' lang='lat' dir='ltr'>interdiu</span> <span class='ocrx_word' id='word_1_220' title='bbox 877 3164 1046 3263; x_wconf 75' lang='lat' dir='ltr'>nodlt&#39;rque</span> <span class='ocrx_word' id='word_1_221' title='bbox 1066 3170 1212 3254; x_wconf 88' lang='lat' dir='ltr'>luceret,</span> <span class='ocrx_word' id='word_1_222' title='bbox 1234 3164 1348 3249; x_wconf 55' lang='lat' dir='ltr'>num</span> 
     </span>
     <span class='ocr_line' id='line_1_29' title="bbox 304 3262 1415 3369; baseline -0.001 -29"><span class='ocrx_word' id='word_1_223' title='bbox 304 3292 405 3363; x_wconf 88' lang='lat' dir='ltr'>quam</span> <span class='ocrx_word' id='word_1_224' title='bbox 432 3263 619 3339; x_wconf 83' lang='lat' dir='ltr'>deficiebat.</span> <span class='ocrx_word' id='word_1_225' title='bbox 669 3264 757 3337; x_wconf 94' lang='lat' dir='ltr'>Lino</span> <span class='ocrx_word' id='word_1_226' title='bbox 794 3262 953 3354; x_wconf 87' lang='lat' dir='ltr'>Carpasio</span> <span class='ocrx_word' id='word_1_227' title='bbox 983 3264 1151 3340; x_wconf 82' lang='lat' dir='ltr'>constabat</span> <span class='ocrx_word' id='word_1_228' title='bbox 1184 3271 1335 3369; x_wconf 90' lang='lat' dir='ltr'>ellych-</span> <span class='ocrx_word' id='word_1_229' title='bbox 1413 3332 1415 3339; x_wconf 83' lang='lat'>.</span> 
     </span>
     <span class='ocr_line' id='line_1_30' title="bbox 301 3361 1420 3458; baseline 0.005 -19"><span class='ocrx_word' id='word_1_230' title='bbox 301 3365 422 3444; x_wconf 85' lang='lat' dir='ltr'>nium,</span> <span class='ocrx_word' id='word_1_231' title='bbox 444 3364 512 3439; x_wconf 84' lang='lat' dir='ltr'>five</span> <span class='ocrx_word' id='word_1_232' title='bbox 539 3364 699 3458; x_wconf 62' lang='grc' dir='ltr'>θῳαὶλὶς,</span> <span class='ocrx_word' id='word_1_233' title='bbox 721 3361 780 3456; x_wconf 87' lang='lat' dir='ltr'>qui</span> <span class='ocrx_word' id='word_1_234' title='bbox 803 3362 939 3455; x_wconf 87' lang='lat' dir='ltr'>ignibus</span> <span class='ocrx_word' id='word_1_235' title='bbox 959 3387 1028 3437; x_wconf 90' lang='lat' dir='ltr'>non</span> <span class='ocrx_word' id='word_1_236' title='bbox 1050 3364 1250 3440; x_wconf 87' lang='lat' dir='ltr'>absumitur.</span> <span class='ocrx_word' id='word_1_237' title='bbox 1415 3395 1420 3445; x_wconf 66' lang='lat' dir='ltr'>t</span> 
     </span>
     <span class='ocr_line' id='line_1_31' title="bbox 323 3458 1417 3557; baseline -0.006 -20"><span class='ocrx_word' id='word_1_238' title='bbox 323 3460 455 3557; x_wconf 69' lang='lat' dir='ltr'>⁶Quod</span> <span class='ocrx_word' id='word_1_239' title='bbox 469 3462 598 3553; x_wconf 80' lang='lat' dir='ltr'>fidibus</span> <span class='ocrx_word' id='word_1_240' title='bbox 622 3458 804 3550; x_wconf 83' lang='lat' dir='ltr'>contorto.)</span> <span class='ocrx_word' id='word_1_241' title='bbox 829 3459 927 3534; x_wconf 90' lang='lat' dir='ltr'>Fides</span> <span class='ocrx_word' id='word_1_242' title='bbox 955 3462 1145 3555; x_wconf 89' lang='lat' dir='ltr'>pluraliter,</span> <span class='ocrx_word' id='word_1_243' title='bbox 1172 3466 1209 3539; x_wconf 66' lang='grc' dir='ltr'>ὃς</span> <span class='ocrx_word' id='word_1_244' title='bbox 1235 3468 1338 3542; x_wconf 79' lang='lat' dir='ltr'>fidi·</span> <span class='ocrx_word' id='word_1_245' title='bbox 1413 3493 1417 3530; x_wconf 53' lang='grc' dir='ltr'><em>γ</em></span> 
     </span>
     <span class='ocr_line' id='line_1_32' title="bbox 206 3554 1422 3657; baseline 0.003 -24"><span class='ocrx_word' id='word_1_246' title='bbox 206 3563 210 3573; x_wconf 89' lang='grc'><strong>’</strong></span> <span class='ocrx_word' id='word_1_247' title='bbox 301 3559 386 3634; x_wconf 84' lang='lat' dir='ltr'>culae</span> <span class='ocrx_word' id='word_1_248' title='bbox 410 3562 569 3631; x_wconf 89' lang='lat' dir='ltr'>tormenti</span> <span class='ocrx_word' id='word_1_249' title='bbox 596 3582 724 3657; x_wconf 85' lang='lat' dir='ltr'>genus,</span> <span class='ocrx_word' id='word_1_250' title='bbox 756 3582 825 3652; x_wconf 93' lang='lat' dir='ltr'>quo</span> <span class='ocrx_word' id='word_1_251' title='bbox 851 3554 870 3629; x_wconf 80' lang='lat' dir='ltr'>b</span> <span class='ocrx_word' id='word_1_252' title='bbox 895 3578 1021 3634; x_wconf 90' lang='lat' dir='ltr'>tortore</span> <span class='ocrx_word' id='word_1_253' title='bbox 1046 3559 1155 3633; x_wconf 83' lang='lat' dir='ltr'>fontes</span> <span class='ocrx_word' id='word_1_254' title='bbox 1178 3561 1340 3643; x_wconf 85' lang='lat' dir='ltr'>funibus</span> <span class='ocrx_word' id='word_1_255' title='bbox 1418 3592 1422 3637; x_wconf 58' lang='grc' dir='ltr'><em>ς</em></span> 
     </span>
     <span class='ocr_line' id='line_1_33' title="bbox 300 3654 1422 3751; baseline 0.002 -20"><span class='ocrx_word' id='word_1_256' title='bbox 300 3656 442 3751; x_wconf 84' lang='lat' dir='ltr'>alligatis</span> <span class='ocrx_word' id='word_1_257' title='bbox 465 3656 619 3730; x_wconf 85' lang='lat' dir='ltr'>manibus</span> <span class='ocrx_word' id='word_1_258' title='bbox 642 3654 661 3727; x_wconf 82' lang='lat' dir='ltr'>b</span> <span class='ocrx_word' id='word_1_259' title='bbox 685 3672 785 3751; x_wconf 87' lang='lat' dir='ltr'>tergo</span> <span class='ocrx_word' id='word_1_260' title='bbox 803 3671 1013 3746; x_wconf 86' lang='lat' dir='ltr'>torquentur.</span> <span class='ocrx_word' id='word_1_261' title='bbox 1055 3654 1136 3749; x_wconf 87' lang='lat' dir='ltr'>Ejus</span> <span class='ocrx_word' id='word_1_262' title='bbox 1161 3665 1342 3741; x_wconf 88' lang='lat' dir='ltr'>meminit</span> <span class='ocrx_word' id='word_1_263' title='bbox 1417 3682 1422 3733; x_wconf 80' lang='lat'>1:</span> 
     </span>
     <span class='ocr_line' id='line_1_34' title="bbox 298 3747 1422 3845; baseline 0.004 -19"><span class='ocrx_word' id='word_1_264' title='bbox 298 3756 455 3834; x_wconf 71' lang='lat' dir='ltr'>Seneca,</span> <span class='ocrx_word' id='word_1_265' title='bbox 479 3752 517 3828; x_wconf 89' lang='lat'>&amp;</span> <span class='ocrx_word' id='word_1_266' title='bbox 542 3753 679 3826; x_wconf 82' lang='lat' dir='ltr'>Fabius.</span> <span class='ocrx_word' id='word_1_267' title='bbox 717 3747 870 3845; x_wconf 69' lang='grc' dir='ltr'>χοηισμός</span> <span class='ocrx_word' id='word_1_268' title='bbox 895 3750 913 3825; x_wconf 81' lang='lat' dir='ltr'>b</span> <span class='ocrx_word' id='word_1_269' title='bbox 935 3754 1067 3829; x_wconf 87' lang='lat' dir='ltr'>Graecis</span> <span class='ocrx_word' id='word_1_270' title='bbox 1085 3756 1216 3829; x_wconf 88' lang='lat' dir='ltr'>dicitur.</span> <span class='ocrx_word' id='word_1_271' title='bbox 1319 3794 1323 3805; x_wconf 91' lang='lat'><strong>·</strong></span> <span class='ocrx_word' id='word_1_272' title='bbox 1421 3814 1422 3819; x_wconf 16' lang='grc' dir='ltr'>η</span> 
     </span>
     <span class='ocr_line' id='line_1_35' title="bbox 321 3849 1422 3949; baseline -0.005 -26"><span class='ocrx_word' id='word_1_273' title='bbox 321 3876 325 3883; x_wconf 86' lang='lat'>·</span> <span class='ocrx_word' id='word_1_274' title='bbox 350 3849 567 3949; x_wconf 78' lang='lat' dir='ltr'>Iphicrates.)</span> <span class='ocrx_word' id='word_1_275' title='bbox 593 3853 753 3925; x_wconf 88' lang='lat' dir='ltr'>Summus</span> <span class='ocrx_word' id='word_1_276' title='bbox 782 3852 930 3932; x_wconf 90' lang='lat' dir='ltr'>Orator,</span> <span class='ocrx_word' id='word_1_277' title='bbox 964 3856 1023 3944; x_wconf 88' lang='lat' dir='ltr'>qui</span> <span class='ocrx_word' id='word_1_278' title='bbox 1048 3851 1194 3927; x_wconf 75' lang='lat' dir='ltr'>maximb</span> <span class='ocrx_word' id='word_1_279' title='bbox 1219 3855 1345 3935; x_wconf 76' lang='lat' dir='ltr'>fave·</span> <span class='ocrx_word' id='word_1_280' title='bbox 1420 3876 1422 3917; x_wconf 67' lang='grc' dir='ltr'>ῑ</span> 
     </span>
     <span class='ocr_line' id='line_1_36' title="bbox 298 3946 1392 4117; baseline 0.013 -97"><span class='ocrx_word' id='word_1_281' title='bbox 298 3946 358 4020; x_wconf 91' lang='lat' dir='ltr'>bat</span> <span class='ocrx_word' id='word_1_282' title='bbox 384 3947 604 4117; x_wconf 45' lang='lat' dir='ltr'>Haimodio,</span> <span class='ocrx_word' id='word_1_283' title='bbox 634 3962 691 4039; x_wconf 80' lang='lat' dir='ltr'>aut</span> <span class='ocrx_word' id='word_1_284' title='bbox 715 3950 799 4032; x_wconf 64' lang='lat' dir='ltr'>ille,⁸</span> <span class='ocrx_word' id='word_1_285' title='bbox 825 3948 868 4021; x_wconf 91' lang='lat' dir='ltr'>de</span> <span class='ocrx_word' id='word_1_286' title='bbox 893 3972 962 4045; x_wconf 91' lang='lat' dir='ltr'>quo</span> <span class='ocrx_word' id='word_1_287' title='bbox 987 3950 1141 4025; x_wconf 86' lang='lat' dir='ltr'>meminit</span> <span class='ocrx_word' id='word_1_288' title='bbox 1164 3949 1348 4045; x_wconf 79' lang='lat' dir='ltr'>Plinius,</span> <span class='ocrx_word' id='word_1_289' title='bbox 1384 3994 1392 4001; x_wconf 96' lang='lat'>·</span> 
     </span>
     <span class='ocr_line' id='line_1_37' title="bbox 297 4047 471 4122; baseline -0.006 0"><span class='ocrx_word' id='word_1_290' title='bbox 297 4057 338 4122; x_wconf 83' lang='lat' dir='ltr'>tt&#39;t</span> <span class='ocrx_word' id='word_1_291' title='bbox 360 4063 435 4121; x_wconf 88' lang='lat' dir='ltr'>retu</span> <span class='ocrx_word' id='word_1_292' title='bbox 450 4047 471 4121; x_wconf 83' lang='grc'>’.</span> 
     </span>
    </p>
   </div>
   <div class='ocr_carea' id='block_1_6' title="bbox 978 4210 1352 4327">
    <p class='ocr_par' dir='ltr' id='par_1_6' title="bbox 978 4210 1352 4327">
     <span class='ocr_line' id='line_1_38' title="bbox 978 4210 1352 4327; baseline -0.035 -4"><span class='ocrx_word' id='word_1_293' title='bbox 978 4210 981 4220; x_wconf 79' lang='grc'>’</span> <span class='ocrx_word' id='word_1_294' title='bbox 1108 4242 1352 4327; x_wconf 73' lang='lat' dir='ltr'>contar.-</span> 
     </span>
    </p>
   </div>
   <div class='ocr_carea' id='block_1_7' title="bbox 0 0 1592 4825">
    <p class='ocr_par' dir='ltr' id='par_1_7' title="bbox 0 0 1592 4825">
     <span class='ocr_line' id='line_1_39' title="bbox 0 0 1592 4825; baseline 0 9"><span class='ocrx_word' id='word_1_295' title='bbox 0 0 1592 4825; x_wconf 95' lang='lat' dir='ltr'> </span> 
     </span>
    </p>
   </div>
  </div>
 </body>
</html>
