3175 4825
410 503 1093 582 Auorawrlirnaaasr.X11L
1219 531 1266 610 45

243 628 467 709 clariffimo,
497 623 811 726 diligentiffimdque
842 623 998 720 scriptore
1030 647 1191 722 petamus.
1231 629 1271 704 Is

246 728 364 823 igitur
395 727 448 797 lib.
466 727 493 801 6.
522 727 562 797 hc
588 727 653 798 ait:
683 727 799 818 Quam
824 748 891 818 ego
910 748 983 798 rem
1006 726 1154 815 pluribus
1176 751 1270 802 conr·

164 898 165 901 ,
249 825 476 896 memorando
507 823 714 902 ostendam,
741 845 803 893 nec
828 821 911 896 alios
947 821 1123 906 Graeros,
1158 847 1271 918 neque

255 918 471 992 Athenienses
495 919 588 1014 ipsos
615 923 658 992 de
684 918 748 991 suis
773 918 940 1014 tyrannis,
965 937 1022 992 aut
1047 923 1088 994 de
1116 945 1153 993 re
1178 919 1271 1018 gella

255 1018 378 1110 aliquid
403 1040 625 1108 compertum
652 1015 758 1110 loqui.
811 1016 947 1088 Etenim
976 1015 1057 1088 clam
1089 1015 1271 1096 Pistslretus

247 1113 341 1187 senio
363 1116 399 1185 in
425 1117 606 1212 tyrannide
628 1110 828 1190 decessisset,
859 1137 930 1186 non
964 1111 1205 1207 Hipparchus,
1232 1135 1271 1192 ut

246 1213 404 1308 plerique
427 1215 637 1304 opinantur,
662 1208 717 1283 sed
731 1207 899 1304 Hippias,
925 1213 1074 1306 quierat
1101 1227 1179 1286 natu
1199 1238 1271 1286 ma·

244 1311 361 1384 ximus
383 1309 533 1383 obtinuit
556 1307 788 1400 principatum.
832 1309 912 1382 Erat
930 1325 1043 1382 autem
1056 1307 1273 1386 Harmodius

245 1407 389 1502 quidam
413 1405 500 1478 dore
526 1405 631 1478 aetatis
655 1403 885 1497 conspicuus,
918 1429 1022 1499 quem
1058 1405 1272 1506 Aristogiton

245 1506 375 1576 mediae
398 1504 486 1576 inter
512 1504 605 1576 cives
631 1502 830 1574 conditionis
857 1503 909 1576 vir
932 1501 1136 1589 adamabat,
1161 1505 1273 1580 habe·-

245 1603 386 1696 batque.
432 1601 466 1672 ls
495 1600 707 1672 Harmodius
731 1598 774 1672 ab
796 1597 997 1692 Hipparcho
1023 1600 1176 1677 Pifillrati
1198 1603 1277 1692 silio

247 1702 436 1871 assith}
456 1695 1185 1870 dish}hhhslsslhlllllffi
1198 1701 1274 1871 {ld

248 1897 413 1971 amatorio
441 1818 564 1964 dilore'
589 1817 1053 1986 affeetus‚exnri1escensque
1082 1893 1274 1988 Hipparchi

251 1994 466 2085 potentiam,
488 2013 533 2061 ne
561 1988 594 2061 vi
620 1987 864 2061 adolescentem
891 1984 950 2059 sabi
971 1989 1140 2070 auferret,
1166 1992 1275 2082 proti·-

252 2116 314 2164 uus
339 2089 479 2162 insidias
501 2086 607 2160 tendit
627 2088 671 2158 ad
696 2083 927 2162 delltuendam
953 2113 1017 2184 pro
1040 2081 1096 2162 sua
1118 2083 1275 2164 facultate
1392 2087 1398 2098 '

253 2188 480 2260 trauaidem.

269 2216 439 2359 yInterea
455 2281 675 2378 Hipparchus
702 2279 779 2358 ciam
801 2285 910 2360 rursus
932 2283 1160 2368 sollicitando,
1181 2285 1280 2362 Har·

262 2382 420 2458 modium
439 2385 541 2456 nihilo
567 2381 676 2481 magis
698 2384 899 2472 induceret,
923 2383 1076 2462 statuerat
1103 2403 1214 2461 tamen
1239 2385 1283 2460 vi-

260 2477 354 2551 nihil
378 2503 491 2575 agere:
518 2480 630 2553 sedin
654 2482 731 2553 loco
758 2484 871 2578 aliquo
897 2484 1043 2555 occulto.
1094 2482 1188 2558 Ciam
1213 2508 1298 2567 ne·,

256 2600 336 2673 que
365 2573 410 2645 sic
436 2581 565 2668 quidem
591 2578 803 2671 proficeret,
832 2580 1028 2673 accingebat
1058 2577 1090 2651 se
1122 2584 1164 2651 ad
1194 2604 1276 2654 eum

253 2675 473 2748 contumelia
488 2678 767 2770 prosequendum.
801 2679 961 2757 Sororem
979 2672 1165 2747 Harmodii
1181 2676 1278 2767 puel-

253 2774 324 2847 lam
349 2773 542 2847 nunciatam
564 2774 678 2847 venira
699 2775 735 2843 in
763 2796 888 2865 pompa
912 2774 1055 2864 quadam
1076 2773 1116 2843 ed
1140 2770 1277 2869 gestan·
1421 2834 1430 2845 ,

253 2876 342 2943 dum
372 2869 572 2951 canistrum,
594 2896 655 2963 per
669 2870 746 2943 suos
772 2868 789 2942 *a
810 2865 991 2940 ministerio
1018 2865 1203 2956 submovit,
1224 2866 1277 2945 di-

254 2978 375 3043 centes
398 2994 471 3041 non
493 2972 687 3061 permittere
707 2969 748 3040 id
764 2962 1016 3060 magistratum,
1039 2966 1115 3063 quia
1138 2967 1279 3065 indigna

256 3064 351 3139 esset.
399 3068 513 3159 Quod
536 3063 627 3162 aegri:
652 3064 763 3137 serens
792 3060 1027 3147 Harmodius,
1054 3065 1091 3143 ὃ(
1117 3063 1163 3141 ob
1195 3093 1278 3141 eum

255 3162 371 3237 multd
405 3161 530 3259 agrius
562 3160 801 3258 Aristogiton,
827 3179 1103 3255 comparaverunt
1136 3163 1297 3248 omnia„

256 3286 335 3357 quae
369 3264 415 3335 ad
456 3257 728 3352 conspirationem
745 3346 749 3353 Ι
766 3254 1006 3350 pertinebant:
1040 3256 1282 3347 operiebantur

258 3376 375 3432 tamen
401 3356 505 3440 sella,
526 3382 602 3449 quae
623 3357 776 3429 dicuntur
800 3378 922 3453 magna
947 3352 1184 3437 Panathenaea,
1209 3381 1297 3451 quo-

258 3454 398 3531 tantirm
431 3457 486 3527 die
511 3475 607 3527 extra
631 3452 851 3545 suspicionem
882 3470 973 3541 erat,
998 3451 1089 3522 cives
1115 3474 1192 3537 eoa,
1220 3456 1280 3549 qui

259 3578 431 3646 pompam
459 3550 636 3633 misissent,
663 3550 697 3622 in
721 3550 820 3620 armis
843 3549 1033 3642 frequentes
1059 3544 1141 3620 else:
1164 3548 1201 3624 ἂ
1220 3554 1280 3627 de·

259 3650 390 3737 bebant
421 3648 484 3742 ipsi
515 3648 651 3743 quidem
684 3646 861 3741 aggredi-:¹
884 3644 1040 3737 opitulari
1068 3664 1178 3720 autem
1211 3650 1280 3723 fine

255 3744 360 3826 m'ora
383 3749 409 3819 ii
429 3749 594 3841 quierant
612 3747 695 3816 inter
714 3742 867 3816 hastatos.
902 3744 1052 3819 Fuerunt
1074 3763 1187 3819 autem
1211 3772 1296 3821 non,

256 3846 366 3919 multi
391 3843 559 3940 conjurati
578 3842 782 3915 occultandae
804 3838 853 3913 rei
877 3840 1004 3933 gratia:
1023 3836 1060 3913 ὅ(
1081 3842 1156 3937 quia
1174 3841 1282 3933 speta-

258 3944 349 4036 lpant
372 3966 433 4017 eos
456 3943 582 4019 etiam,
617 3938 674 4033 qui
700 3937 824 4039 conscii
852 3960 920 4009 non
945 3932 1070 4044 essent,
1096 3940 1299 4033 quamlibet·

259 4039 387 4137 paucis
415 4038 542 4111 facinus
572 4036 791 4109 audentibus:
812 4054 936 4108 tamen
967 4059 1010 4105 ex
1041 4034 1210 4127 repentina
1233 4062 1282 4127 ‚¹9

257 4135 351 4219 clam
369 4158 460 4215 artua
474 4134 653 4216 haberent,
668 4132 808 4210 libenter
826 4130 859 4211 se
880 4132 969 4231 ipsos
990 4130 1110 4224 pariter
1129 4130 1165 4203 in
1181 4122 1284 4291 piapen,

1228 4246 1285 4296 em
