3175 4825
353 410 598 490 Ancum
628 417 873 492 Eunnnu.
900 417 1119 497 CXLVIII.
1191 417 1263 502 281

256 601 699 689 PRINCIPIS
754 612 1267 691 CLEMENTIA:

389 790 709 874 Eunnuu
744 819 771 872 n
841 786 1133 878 CXLVIII.

301 968 346 1046 V
343 972 385 1061 ό
399 997 490 1045 orum
511 966 595 1069 qudd
617 972 709 1046 nulla
734 997 875 1070 unquam
896 975 969 1048 Rex
986 973 1118 1072 spiculo
1134 974 1240 1072 figet:

393 1071 516 1167 uodprte
539 1072 615 1141 aliis
641 1071 742 1168 duplo
766 1093 898 1168 corpore
921 1074 1024 1167 major
1047 1074 1128 1156 erit,

304 1171 441 1261 Arguet
467 1168 633 1264 imperium
657 1169 813 1249 clemens,
836 1174 1064 1265 moderatoque
1093 1194 1219 1268 regna»

352 1265 535 1360 Sonilaqrte
551 1263 718 1362 judicibus
744 1266 870 1340 credita
892 1271 972 1364 jura
998 1267 1098 1341 donis.
1218 1292 1221 1299 ’

354 1439 427 1512 Rus
453 1441 577 1532 Apollo
604 1442 658 1516 lib.
670 1465 703 1518 1.
730 1441 894 1538 populum
919 1441 992 1538 regi
1021 1441 1263 1538 obsequentem

371 1536 552 1632 fignificare
574 1541 741 1624 volentes,
761 1562 840 1629 apes
860 1543 1011 1636 pingunt.
1037 1543 1155 1616 Solum
1173 1540 1263 1612 enirn

247 1659 298 1706 ex
325 1635 433 1708 brutis
458 1660 577 1732 regem
600 1634 720 1716 habet,
749 1659 851 1731 quem
876 1639 1003 1730 reliqua
1022 1639 1134 1729 apium
1151 1638 1266 1710 multi·

246 1733 338 1804 tudo
367 1731 597 1823 consequitur,
617 1759 654 1806 ac
677 1731 722 1804 itti
745 1751 858 1825 paret,
881 1735 1165 1828 quemadmodum
1189 1733 1265 1828 regi

249 1826 424 1900 homines.
472 1830 603 1903 Caetera
630 1829 701 1902 sunt
726 1829 831 1902 lacera
855 1833 888 1900 in
921 1833 1074 1909 Graeco,
1105 1854 1166 1900 nec
1195 1831 1264 1923 legi

247 1924 399 2016 poliunt.
435 1927 527 1999 Vide
548 1929 596 1999 D.
607 1925 758 1998 Basdium
775 1928 809 1998 in
827 1929 1053 2007 Hexoi'merm
1067 1927 1213 1999 Humilia
1230 1929 1266 2000 8.

243 2024 385 2095 Plinius
419 2026 547 2094 Natur-
572 2020 679 2118 ustor.
706 2025 761 2096 lib.
782 2045 841 2100 11.
869 2044 1013 2121 cop.17.
1050 2023 1189 2117 loquens
1222 2025 1265 2093 de

242 2118 394 2208 apibus,
416 2124 497 2192 Non
521 2119 638 2215 rotulos
663 2121 807 2218 (inquit)
829 2126 915 2195 inter
937 2143 1089 2206 autores,
1112 2144 1171 2191 rex
1188 2121 1265 2204 nul·

245 2216 365 2290 lrlmne
383 2218 475 2308 solus
499 2217 615 2289 lrabeat
640 2220 805 2304 aculeum,
830 2216 992 2315 majellore
1011 2216 1134 2291 rantrlm
1157 2243 1265 2290 urma-

246 2333 337 2384 rus:
364 2339 408 2384 an
431 2316 556 2389 dederit
580 2340 651 2387 eum
675 2318 801 2413 quidem
835 2327 951 2388 nutura
964 2360 976 2396 ‚
991 2315 1052 2404 sed
1076 2319 1164 2408 usum
1194 2318 1266 2411 ejus

244 2411 305 2482 ilii
329 2409 459 2485 tumim
482 2416 672 2507 negaverit*
694 2414 787 2487 Illud
807 2409 926 2505 conflat
941 2417 1167 2509 Imperatorem
1188 2438 1265 2485 acu·

246 2509 306 2578 len
329 2534 397 2581 non
423 2508 481 2580 uti.
523 2510 666 2581 Dixerat
692 2511 785 2583 idem
813 2512 940 2583 Plinius
966 2511 1167 2600 precedenti
1193 2530 1264 2605 cup.

245 2629 376 2701 regem
401 2630 500 2696 opum
528 2608 631 2697 duplo
655 2604 755 2696 quim
783 2624 910 2678 caeterae
938 2604 1001 2675 elle
1029 2609 1204 2697 majorem.
1385 2603 1387 2609 ’

303 2704 485 2799 Velporum
513 2703 634 2798 quod.)
660 2704 717 2773 De
739 2704 856 2794 opibus
883 2702 977 2795 loqui
1009 2702 1175 2794 Alciatum
1203 2724 1265 2771 no-

246 2798 320 2872 tius
339 2800 408 2882 eit,
434 2798 533 2892 quim
556 2817 594 2873 ut
620 2816 716 2894 egeat
739 2800 965 2893 argumentis:
991 2793 1068 2868 edm
1093 2799 1169 2893 quia
1192 2796 1265 2870 ves·

247 2920 306 2986 pae
330 2897 514 2971 immunda
536 2896 610 2969 sunt
632 2899 668 2971 dt
691 2900 894 2975 carnivora,
914 2914 985 2966 tum
1006 2892 1171 2987 precipui
1187 2896 1265 2989 quia

249 3016 377 3088 regem
402 3020 470 3066 non
501 2993 649 3067 habent:
673 3012 712 3066 ut
737 3013 834 3067 autor
857 2991 904 3072 eii
929 2994 1017 3063 idem
1054 2993 1178 3065 Plinius
1208 2992 1264 3065 tit.

249 3095 327 3163 eod.
355 3109 421 3186 cap.
436 3114 495 3170 21·
532 3088 617 3162 Utus
645 3089 691 3161 est
712 3091 813 3187 igitur
830 3109 926 3164 autor
946 3086 1120 3161 catachrest
1141 3108 1265 3181 tropo,

250 3190 297 3257 de
325 3212 397 3281 quo
423 3187 648 3280 Quintilianus
673 3188 729 3259 lid.
744 3192 778 3264 8.
808 3188 952 3285 capuit.
981 3188 1094 3261 Solent
1118 3185 1271 3279 (inquit)

248 3286 363 3378 poi'tae
385 3280 513 3378 abusivi
533 3286 629 3356 etiam
649 3282 684 3355 in
706 3286 758 3357 tis
782 3286 899 3367 rebus,
917 3284 1033 3379 quibus
1055 3284 1184 3355 nomino
1198 3282 1264 3369 sua

242 3382 357 3469 sunt,
380 3383 502 3456 vicinis
522 3379 632 3477 potiris
665 3382 745 3464 uti,
776 3382 862 3477 quod
891 3404 1000 3453 rorum
1027 3381 1062 3451 r'n
1089 3378 1183 3475 proso
1212 3374 1263 3467 est.

254 3478 354 3551 Vide
384 3482 479 3570 plura
513 3484 556 3552 de
589 3474 706 3569 apibus
735 3479 823 3571 apud
854 3476 980 3586 Virgil.
993 3496 1028 3569 4.
1068 3474 1265 3574 Georgictln.

251 3572 417 3649 Meminit
440 3576 540 3672 hujus
566 3576 615 3646 rei
646 3572 683 3648 ἃ
712 3572 865 3650 Erasmus
894 3599 928 3647 m
955 3572 1114 3671 proverb.
1157 3564 1264 3675 Spar}
1313 3578 1316 3583 ’

251 3692 324 3747 tam
348 3672 467 3750 nuilus
488 3700 544 3749 es:
566 3670 605 3748 ln
625 3670 707 3745 fine.
