3175 4825
425 462 663 541 Aacrtut
698 469 950 546 Baranam.
988 449 1080 552 v'n.
1195 495 1243 572 29

261 603 353 661 ntra,
376 583 516 668 audivit,
544 589 620 661 Non
654 615 688 663 er
720 612 756 664 tu
785 594 909 681 Deus,
931 595 996 684 sed
1020 597 1093 692 fers
1125 597 1243 673 Dem.

262 675 481 762 Affabulati0‚
507 683 606 774 Qubd
630 705 781 781 oporteat
808 713 894 770 eos,
925 696 984 786 qui
1015 694 1048 766 in
1074 693 1244 790 dignitati·

265 773 334 846 bus
365 775 509 872 constituti
538 777 644 867 sunt,
678 783 880 880 cognoscere
914 787 947 860 le
989 789 1052 864 effe
1078 791 1243 864 homines.

269 869 409 979 brasmue
431 874 462 944 in
484 878 691 967 proverbio,
711 880 834 976 Assnos
855 903 991 978 portans
1016 887 1179 986 mysterio,
1200 886 1245 960 fic

269 984 327 1046 art,
349 971 399 1044 olor
420 970 497 1056 siper
513 977 685 1059 μυςίω,
704 979 737 1049 in
762 1004 841 1051 eum
867 981 1059 1065 dicebatur,
1079 987 1136 1080 qui
1157 1007 1245 1074 prae·

265 1081 310 1136 ter
328 1068 510 1163 dignitatern
535 1073 571 1142 iu
585 1098 723 1147 munere
745 1079 904 1172 quopiam
927 1077 1125 1155 versabatur.
1160 1079 1276 1182 vet,

259 1161 305 1233 uti
332 1161 355 1234 fi
377 1168 448 1260 quis
469 1170 611 1262 ignarus
635 1172 803 1244 literarum
830 1172 1042 1251 bibliotheca
1068 1177 1247 1274 prafeetur

253 1259 341 1341 esset,
365 1263 606 1356 Aristophanes
629 1269 664 1338 in
685 1269 814 1351 Ronir,

294 1355 336 1427 Ni
360 1359 380 1428 i
402 1363 535 1450 llibrlr
559 1360 591 1448 γ’
617 1359 653 1436 tir
675 1368 734 1435 lm
756 1357 836 1453 iper
863 1373 1001 1460 poesim.

293 1450 371 1550 Arrip
398 1455 581 1553 ὖίωιτΐξω
605 1468 703 1531 raian
730 1460 754 1534 ‘i’
781 1473 976 1564 ommim.
1061 1493 1064 1502 “

633 1561 676 1630 Id
701 1560 771 1639 est,

292 1655 342 1723 Ita
360 1673 419 1750 per
447 1661 569 1734 Iovem
585 1657 660 1747 sum
680 1652 789 1750 asinus
813 1662 933 1734 vehens
958 1659 1117 1760 mysteria.

290 1751 405 1825 Verdrn
434 1751 501 1849 isto
528 1778 593 1826 non
609 1759 684 1850 jaro
701 1751 859 1850 sustinebo
885 1760 1017 1834 diutius.

251 1844 401 1941 Interpres
430 1848 581 1924 affirmat
604 1855 683 1923 inde
702 1873 817 1924 natum
840 1855 1022 1950 adagium,
1047 1850 1141 1948 qubd
1166 1851 1248 1926 olim

251 1944 357 2032 qubus
375 1953 426 2020 ad
448 1950 638 2043 peragenda
662 1946 748 2020 sacra
764 1948 918 2024 Eleusina
944 1973 1030 2044 opus
1052 1965 1140 2030 etat,
1161 1947 1250 2022 afino

249 2037 388 2133 impolita
424 2046 670 2135 deportabatur.
714 2033 903 2136 Quadrabit
930 2046 967 2123 δι
994 2049 1027 2118 in
1054 2069 1138 2124 eos,
1164 2070 1251 2140 quo·

251 2159 316 2210 rum
345 2165 457 2237 opera
493 2143 546 2239 alii
581 2146 737 2215 duntaxat
765 2143 813 2214 eli
846 2141 948 2227 usui,
983 2140 1059 2218 cbnt
1092 2143 1133 2215 ad
1161 2141 1251 2238 ipsos

254 2253 356 2321 preter
391 2234 607 2319 molestiam,
632 2237 713 2310 nihil
747 2241 879 2310 interim
909 2243 1034 2315 redeat.
1082 2239 1250 2323 Velutifi

261 2330 327 2416 otiu
345 2334 437 2406 eibos
461 2336 518 2406 alii
546 2335 683 2432 gustet,
707 2337 828 2431 quibus
854 2335 912 2433 ipfi
933 2338 1126 2411 non'liceat
1153 2335 1250 2409 vesci.
1281 2361 1284 2366 “

261 2421 339 2496 Huc
356 2432 486 2503 allulilie
506 2435 639 2505 videtur
652 2436 837 2527 apuleius,
859 2460 937 2508 cum
952 2437 985 2507 se
1007 2435 1106 2531 fingit
1124 2430 1251 2507 alinum
1292 2468 1297 2477 ⁴

258 2520 419 2596 Cererem
441 2531 551 2604 Deam
582 2530 869 2603 circunferentem.
917 2534 1034 2605 Suidas
1066 2532 1251 2607 adscribit,

252 2617 450 2694 Demonem
469 2631 506 2699 ad
519 2629 663 2720 lapidem
676 2629 838 2705 molarem
861 2629 1008 2705 referre,
1024 2652 1123 2719 quem
1136 2626 1251 2701 Graeci

253 2716 300 2788 im
325 2722 511 2815 appellant:
539 2744 714 2817 propterea
740 2721 832 2815 qubd
855 2722 888 2792 in
912 2722 1028 2800 sacris,
1052 2724 1152 2797 molis
1179 2720 1251 2795 fru-

255 2820 417 2892 mentariis
452 2845 594 2895 coronae
630 2822 804 2913 imponere
841 2814 1078 2892 consueverint.
1134 2818 1252 2913 Itaque

260 2919 461 3009 torquebitur
488 2918 655 3016 eleganter
685 2919 720 2989 iu
748 2938 828 3000 eoa,
853 2914 973 3011 quibus
999 2916 1252 2991 immerentibus

263 3006 352 3089 bonos
378 3013 532 3087 babetur.
582 3014 699 3090 Veluti
728 3011 805 3085 etim
833 3012 973 3087 indouis
1001 3015 1146 3089 dodoris
1171 3016 1251 3086 titu-

261 3104 320 3191 lus,
340 3113 496 3203 pileum,
521 3109 559 3187 δι
584 3113 748 3188 annulus,
772 3108 899 3205 aliique
920 3111 955 3183 id
984 3136 1091 3209 genus
1112 3108 1252 3205 'infignia

256 3205 451 3282 tribuuntur.
491 3208 580 3279 Haec
605 3206 766 3281 Erasmus.

294 3305 388 3399 Ifidis
413 3300 742 3401 effigiem.)10iilia
767 3302 884 3377 Inachi
910 3302 1018 3398 Regis
1044 3298 1253 3393 Argivorum

253 3398 325 3475 titm
357 3394 505 3497 priliinae
532 3402 651 3497 figure
684 3397 792 3472 fuiffet
828 3398 974 3472 restituta
1007 3398 1107 3490 (nam
1133 3393 1252 3471 fecerat

251 3497 337 3571 illam
364 3500 501 3593 Jupiter
523 3522 682 3575 vaccam,
710 3515 748 3590 ur
775 3498 809 3565 in
837 3516 867 3570 1.
892 3494 1130 3591 Metamorpho.
1154 3494 1253 3567 refert

250 3596 421 3686 Ovidius)
451 3592 493 3667 ab
517 3594 687 3692 AEgyptiis
711 3616 775 3686 pro
805 3588 883 3665 Dea
911 3589 1253 3685 cultafuit‚1s1lque
1367 3617 1370 3622 ·

249 3695 423 3785 appellata.
462 3693 519 3763 De
545 3718 608 3785 qua
631 3691 735 3765 molta
757 3687 942 3771 Diodorus,
958 3688 1009 3759 lib.
1025 3710 1061 3773 1.¹
1080 3710 1196 3787 ropa-
1218 3690 1254 3762 δί

245 3790 352 3875 alibi,
376 3790 438 3883 qui
462 3787 529 3874 ait',
547 3783 672 3880 primoa
696 3789 730 3858 in
750 3788 907 3881 AEgypto
928 3788 1059 3881 genitos
1079 3786 1232 3857 homines
1240 3828 1254 3883 ‚⁹

243 3884 341 3956 hune
365 3888 485 3959 mundi
517 3904 669 3985 ornatum
705 3882 902 3975 admirantes
918 3929 931 3968 ‚
945 3878 1255 3971 'universorumque

241 3998 433 4068 naturam,
467 3986 552 4056 duos
576 3980 702 4055 tantirm
732 3982 855 4058 Deos,
880 3978 916 4051 dr
950 3979 1086 4072 quidem
1110 3995 1256 4055 vaeternos
1324 3983 1326 3999 ¹

241 4078 448 4167 menduc,
474 4079 589 4159 Solem
605 4077 643 4158 dr
658 4080 790 4157 Lunam
799 4073 859 4169 ,δι
874 4077 969 4155 illum
995 4054 1131 4169 quidem
1149 4068 1259 4241 (pipp,
