3175 4825
223 482 278 587 gia
297 478 499 561 subtiliffima
520 480 600 571 smt,
625 359 669 557 in(
683 350 842 582 glossaria,
859 485 895 559 id
918 482 987 569 ell,
1006 486 1043 561 in
1068 480 1241 582 principii
1280 427 1307 569 ,Ι

227 582 300 682 quac
324 585 414 657 viam
438 585 593 656 muniunt
610 588 652 657 ad
677 584 926 681 Astrologiam,
947 585 1119 660 interserit.
1160 588 1243 659 Im·-

228 680 332 795 probi
350 682 498 763 faciunt,
516 684 573 775 qui
596 682 630 751 in
647 684 878 759 Grammatico
894 683 1189 779 philosophantur,
1203 680 1243 761 δί
1384 753 1387 766 ,

229 806 259 854 rn
281 778 468 852 Dialed'tica
497 780 552 851 vel
575 772 779 867 Rhetorica,
805 780 865 878 qui
891 781 1106 864 multisunt,
1133 802 1244 856 meras

230 902 335 975 nugas
350 874 546 952 obtrudunt.
578 880 623 951 In
647 881 767 957 arrium
785 879 997 953 documentis
1012 882 1201 959 tradendis,
1218 877 1245 951 sr
1314 964 1318 976 Ι

229 978 309 1049 nihil
334 993 426 1047 extra
449 974 626 1056 ordinem,
650 978 731 1049 nihil
751 978 897 1052 alienum
919 976 1174 1061 admisceretur,
1195 976 1245 1049 sa-

231 1076 323 1147 cilius
339 1072 375 1147 &
393 1072 506 1145 verius
526 1096 629 1167 parvo
650 1078 811 1165 temporis
827 1076 1003 1151 intervallo
1026 1095 1112 1149 artes
1128 1096 1247 1149 omnen

229 1170 500 1267 perdiscerenrur.
549 1173 775 1245 Grammaticae
801 1175 934 1252 Latinae
965 1174 1047 1247 meis
1072 1171 1246 1273 praeceptis

233 1270 364 1344 traditae
379 1268 450 1341 osso
467 1272 586 1359 menses
605 1270 676 1365 ipsa
697 1270 830 1345 cdoiir‘cs
852 1272 1076 1369 experientia,
1101 1270 1156 1343 vel
1179 1270 1248 1359 ces·
1287 1306 1291 1314 ·

212 1404 214 1407 ·
224 1368 377 1461 sontibus
396 1367 508 1460 pueris
526 1364 676 1463 constitui
698 1368 757 1462 effe
764 1370 861 1457 sotis.
887 1370 1045 1445 Graecam
1062 1371 1249 1446 Gramma·

231 1471 332 1540 ticam
357 1487 470 1541 meam
490 1490 558 1536 non
582 1467 661 1538 totis
685 1468 806 1562 viginti
829 1468 948 1545 diebus
971 1466 1056 1563 saepe
1081 1466 1154 1541 sum
1179 1490 1249 1539 ex·

230 1579 346 1661 pertus
374 1562 630 1655 comprehendi.
670 1564 822 1649 Totam,
850 1566 1044 1661 integram,
1066 1564 1250 1657 persedlam

230 1662 458 1738 Dialedlicam
474 1660 511 1734 ἄ
524 1659 768 1747 Rhetoricam,
785 1661 845 1737 etsi
861 1661 913 1737 his
931 1665 1107 1758 quotannis
1120 1662 1253 1736 inllca·

232 1763 347 1835 demin
369 1782 553 1851 percurro,
578 1784 683 1854 quum
707 1778 821 1837 tamen
844 1760 999 1855 privatim
1016 1765 1149 1844 doceo,
1167 1758 1252 1831 iutra

229 1866 321 1935 duos
351 1854 481 1928 menses
505 1854 603 1928 facile
628 1856 758 1933 absolvi
785 1858 882 1933 telles
900 1858 1012 1950 habeo
1034 1857 1252 1949 locupletiffi·

229 1982 321 2033 mos.
360 1956 479 2027 Taceo
508 1954 550 2036 de
570 1950 701 2030 Musica
728 1956 766 2035 ἃ
796 1956 1030 2055 Philosophia,
1052 1980 1097 2029 ne
1119 1956 1254 2036 videar,
1312 2002 1326 2036 s

231 2053 1258 2245 llllrlr‘lhlhl2²ltrl⁰l⁸hlrtrtllttdrfi

231 2278 341 2350 quam
360 2249 384 2322 st
401 2252 617 2321 mediocrlter
635 2268 777 2325 attentus
799 2250 837 2329 ἅ
861 2254 1004 2350 diligens
1023 2254 1155 2328 auditor
1173 2249 1256 2322 uilo

230 2369 296 2428 aut
317 2353 437 2425 decem
454 2345 570 2420 scholis
586 2349 627 2420 ad
640 2372 792 2446 unguem
807 2376 877 2425 non
890 2352 1120 2445 percalluerit,
1139 2346 1256 2421 credas

232 2455 328 2527 hunc
342 2473 412 2523 non
422 2448 468 2517 od
484 2446 664 2534 literussrd
682 2451 727 2520 od
741 2449 853 2523 coulns
868 2449 928 2544 effe
947 2470 1068 2524 notum.
1102 2445 1192 2520 Haec
1211 2441 1256 2517 ed

231 2551 404 2630 tendunt,
427 2560 517 2614 vltt
535 2562 904 2629 natumnatum
927 2547 985 2640 qui
1012 2550 1054 2619 ad
1075 2545 1258 2638 regendam

232 2647 425 2720 hominum
444 2643 546 2713 vitam
567 2641 680 2716 divino
696 2645 842 2735 quodam
861 2643 933 2715 fato
948 2642 1090 2714 videaris
1111 2638 1176 2710 esse
1193 2663 1259 2712 na·
1319 2692 1322 2699 ·

233 2764 300 2820 rus
328 2743 405 2836 (bis
425 2741 514 2811 enim
534 2757 569 2810 te
590 2741 739 2811 maximo
761 2764 840 2812 cum
867 2740 993 2835 gaudio
1017 2740 1067 2812 sui
1091 2735 1260 2808 rediorem

234 2839 465 2916 celeberrima
481 2837 554 2910 haec
568 2834 829 2910 salmanticensis
846 2835 1028 2908 Academia
1047 2833 1154 2911 vidit:
1177 2833 1261 2905 vidit

236 2942 281 3016 dc
295 2961 374 3012 acre
387 2935 574 3010 Callaicum
595 2957 738 3030 regnum
756 2951 789 3006 te
808 2957 869 3026 per
886 2956 992 3006 anuos
1011 2934 1137 3027 aliquot
1150 2929 1263 3002 reolo-

237 3063 321 3113 rem
343 3033 643 3108 &moderatorem
661 3033 905 3128 aequislimum:
928 3055 1018 3106 nunc
1040 3053 1148 3107 vero,
1169 3026 1263 3101 unde

237 3133 377 3228 majora
398 3119 586 3222 speramus,
606 3131 648 3202 ad
675 3131 908 3226 gubernandas
930 3155 1010 3202 cum
1028 3128 1099 3202 aliis
1114 3123 1263 3219 patribus
1390 3135 1393 3139 ’

239 3234 332 3306 tanti
355 3227 455 3320 hujus
479 3228 613 3320 imperii
636 3227 780 3300 habenas
803 3245 837 3298 te
857 3228 1015 3301 videmur
1038 3222 1265 3318 cooptatum)

239 3331 337 3404 hanc
359 3349 495 3420 quoque
523 3344 650 3414 partem
672 3323 815 3419 aspicere
837 3347 906 3397 non
932 3328 1107 3420 graveris,
1133 3320 1169 3391 in
1197 3341 1265 3412 qua

240 3450 322 3504 non
340 3425 457 3497 leviter
480 3420 609 3494 bortum
631 3443 862 3518 magnumque
885 3421 1079 3514 reipublicae
1101 3440 1265 3487 commo-

241 3529 338 3599 dum
358 3519 570 3612 periclitatur.
611 3519 711 3599 Vale.
752 3520 961 3598 summme
990 3545 1021 3600 a,
1046 3513 1166 3596 ΗΠ·
1188 3511 1269 3600 lut

242 3617 425 3703 Deccmb·
443 3634 550 3716 1579.
