3175 4825
386 368 461 461 &4
655 352 1081 435 asserent

386 490 487 585 gulos
514 486 625 561 aeolos
648 483 722 580 apte
748 487 951 576 collocatus,
974 483 1078 583 litque
1104 485 1345 580 aliquantulum

378 590 499 661 mintr.
544 586 634 657 Ante
659 587 837 659 meridiem
859 587 1038 679 diligenter
1060 584 1252 658 observabis
1270 581 1346 678 llyli
1421 593 1422 614 ¹

378 688 535 757 umbram
559 684 723 758 circulum
742 686 984 781 attingentem,
1004 682 1119 778 ibique
1139 698 1254 754 notam
1284 704 1347 771 ap·

378 781 509 875 ponito.
543 780 622 853 Poll
645 783 822 854 meridiem
845 783 962 853 eadem
979 783 1149 852 adnotato.
1182 777 1275 850 Illud
1294 779 1348 865 inq

379 883 555 950 tervatlum
582 896 735 954 notarum
761 880 876 951 divide
904 880 1058 951 medium
1077 924 1090 967 ‚
1107 872 1151 951 ’ἃ
1175 900 1236 968 per
1261 874 1348 946 illud
1421 901 1422 928 t

379 980 533 1049 medium
557 974 594 1049 δι
623 977 739 1050 circuli
772 994 926 1051 centrum
958 977 1080 1047 lineam
1111 978 1215 1048 duces
1241 971 1349 1045 meri·

379 1076 522 1145 dianam.
568 1074 682 1165 Atque
707 1074 743 1146 lti
768 1078 838 1147 duo
864 1077 973 1147 modo
998 1074 1076 1146 dieti
1097 1072 1219 1153 orbes,
1245 1071 1349 1141 etiam

379 1170 406 1245 st
429 1170 563 1265 lingulis
585 1170 775 1243 civitatibus
798 1170 866 1243 llari
891 1190 992 1266 atque
1012 1169 1071 1243 fixi
1098 1169 1179 1250 sant,
1199 1168 1347 1240 varieta-

379 1284 451 1339 tem
477 1270 657 1339 maximam
679 1268 830 1351 habent,
855 1279 1016 1361 quoniam
1041 1270 1084 1341 ad
1114 1264 1347 1363 cujuscunque

382 1364 552 1437 hominis.
569 1366 795 1437 mutationem
834 1370 1031 1443 variantur:
1065 1368 1212 1460 ideoque
1251 1382 1347 1439 extra

383 1460 546 1556 spltaeram
569 1459 674 1555 ipsam
704 1463 949 1561 intelliguntur.

442 1626 507 1710 De
523 1630 827 1755 AEquatotefive
844 1639 1114 1755 AEqrtinooiinli
1131 1577 1288 1724 rircitlo.
1422 1593 1423 1638 Γ

495 1798 705 1913 Etlintuvero
726 1808 935 1902 orbium&
960 1814 979 1887 b
1000 1811 1118 1886 mundi
1143 1814 1230 1905 polis
1253 1837 1350 1908 aequa

519 1918 674 2011 utrtnqne
701 1902 848 1984 distantia
878 1913 1051 2005 parallelus
1087 1910 1256 1984 maximus
1285 1915 1348 1986 du·

278 2086 283 2095 ¹
388 2014 503 2079 attur,
536 1996 822 2089 AEqusswfflsslisr
852 2006 921 2085 stve
954 2028 1102 2103 aequator
1139 2011 1349 2101 appelatus,

397 2125 400 2129 ·
932 2108 1009 2201 quia
1047 2130 1153 2201 quum
1189 2109 1231 2179 ad
1267 2132 1349 2179 eum

932 2208 991 2279 Sol
1017 2206 1144 2278 accedit
1167 2203 1289 2297 (quod
1314 2204 1349 2274 in

930 2304 1046 2397 primis
1078 2300 1226 2394 partibus
1251 2303 1351 2374 Arie-

931 2401 999 2490 tis,
1037 2397 1074 2474 ἃ
1112 2397 1227 2472 Librae
1260 2424 1348 2472 con·

902 2493 1058 2596 'tingit)
1093 2499 1164 2570 dies
1193 2497 1351 2570 noblibus

884 2624 890 2641 ⁴
932 2593 1112 2690 abquantur.
1161 2594 1270 2666 Hunc
1296 2594 1350 2666 ille

932 2695 1104 2788 fignorum
1119 2693 1230 2774 orbis,
1245 2716 1350 2784 quem

859 2806 861 2810 ’
932 2791 1100 2870 diximus,
1125 2791 1256 2861 medius
1278 2813 1349 2861 me·

932 2891 1027 2962 dium
1058 2886 1174 2970 secat,
1207 2885 1250 2957 ab
1289 2910 1350 2959 eo·

931 3012 997 3079 que
1020 2986 1052 3056 in
1079 2985 1350 3078 Septentrionem

926 3083 964 3159 &
1007 3083 1193 3158 Meridiem
1238 3081 1349 3152 decli·

254 3282 256 3288 ‚
325 3209 327 3220 ·
384 3206 470 3362 attint:
500 3192 590 3264 unde
629 3191 727 3286 regio
768 3190 823 3264 illa
860 3184 1041 3267 Romalis,
1081 3179 1154 3253 ltoc
1188 3175 1350 3252 Australis

412 3306 524 3362 tcttur.
618 3330 620 3340 r
968 3336 973 3346 .

336 3421 346 3448 ⁸
493 3416 750 3554 De‘Tmpnis
781 3440 940 3560 Solstitio
952 3499 967 3540 ,
992 3429 1045 3523 (T
1073 3433 1236 3521 Bruma.

450 3594 518 3670 Unt
553 3613 713 3690 praterea
749 3600 819 3673 duo
844 3600 908 3699 'alii
943 3597 1042 3673 orbes
1075 3603 1255 3694 paralleli,
1284 3625 1351 3674 nec

466 3697 627 3778 maximi,
642 3695 1097 3792 solstitiatis‚.Brumatisque
1117 3701 1206 3772 dieii.
1253 3691 1349 3772 Nam

388 3816 493 3885 quum
522 3792 565 3865 ab
595 3793 712 3864 Ariete
740 3795 774 3864 in
810 3795 1056 3888 Aquilonarem
1084 3805 1261 3894 regionem
1289 3798 1350 3870 Sol

386 3887 575 3984 longiliimb
594 3888 799 3973 abscesserit,
828 3893 862 3963 id
880 3885 944 3976 est,
971 3919 1078 3988 quum
1102 3902 1245 3987 primam
1269 3918 1348 3989 par-

385 4004 456 4059 tem
480 3987 603 4063 Caneri
626 3990 801 4087 attigerit,
827 3987 1041 4066 solstitialem
1069 3990 1172 4068 efficit
1199 3993 1348 4071 orbem:

1303 4084 1344 4166 ὅ(
