3175 4825
350 406 426 492 tto
559 397 865 476 counrar.
903 413 959 468 ru
997 399 1187 470 Arrun..

348 530 535 622 grammate
555 518 712 598 ¹tllciatus
732 518 880 612 quodam
903 516 1037 593 ridiculi
1060 540 1209 615 genere,
1227 513 1270 586 de
1292 531 1364 602 quo

348 615 503 696 meminit
526 617 753 707 Quintilianus
775 615 829 689 lib.
840 617 874 690 6.
893 634 964 709 cap.
985 618 1026 685 dt
1049 617 1143 703 risu,
1159 613 1212 685 his
1231 604 1364 681 verbist

229 791 230 794 ,
347 713 448 797 Flum
480 711 522 786 θ’
557 713 704 796 retracta
730 711 770 788 (Ψ
800 711 926 809 adjecta
959 712 1181 807 aspiratione,
1209 708 1251 785 (7
1276 703 1363 775 binis

348 809 532 904 conjunllir
547 813 654 884 urrbr's
666 808 736 886 &o
775 809 915 890 locatur
931 811 1022 880 enim
1035 809 1184 883 Alciatus
1200 808 1235 879 in
1253 824 1361 896 quen·

349 908 428 990 datu
451 907 645 989 Othonem,
664 910 819 978 vocando
841 931 921 985 eum
945 907 1066 990 otuu,
1082 908 1117 977 id
1142 904 1209 984 est,
1223 900 1360 974 stultum

348 1002 397 1082 ob
420 1002 576 1077 vocabuli
600 1002 858 1080 fimitirudinem.
894 1002 1002 1076 Porrb
1024 1008 1066 1077 de
1085 1006 1157 1076 Oto
1180 1000 1224 1072 stc
1248 995 1360 1070 scribit

348 1099 543 1182 „Aristoteles
568 1102 623 1174 til.
638 1095 672 1178 8:
695 1099 736 1173 de
756 1121 845 1177 notu.
866 1102 986 1172 animo.
1007 1122 1079 1199 cop.
1091 1114 1148 1178 12.
1185 1100 1275 1171 Otus
1296 1119 1360 1165 no·

196 1211 199 1218 ’
346 1199 434 1280 fluae
460 1196 572 1272 similis
596 1197 664 1280 eil,
687 1199 831 1292 pinnulis
856 1197 987 1273 circiter
1010 1221 1106 1291 aures
1133 1191 1360 1268 eminentibus

345 1295 521 1388 preditus:
546 1299 636 1368 unde
660 1321 785 1368 nomen
806 1294 953 1386 accepit:
976 1295 1065 1391 quali
1086 1297 1232 1368 auritum
1255 1289 1358 1364 dicas.

345 1391 515 1478 Nonnulli
540 1394 666 1468 ululam
690 1418 770 1466 eum
796 1394 982 1485 appellant,
1001 1393 1055 1464 alii
1078 1390 1235 1465 ultonem.
1279 1386 1360 1459 Bla-

305 1536 308 1548 ·
347 1505 427 1566 tero
452 1489 507 1562 hic
533 1487 609 1573 est,
634 1493 671 1570 δι
693 1489 911 1565 hallucinatur
937 1489 975 1564 &
1000 1489 1177 1583 planipes:
1208 1485 1359 1563 saltantes

344 1587 437 1661 enirn
464 1586 621 1664 imitatur.
669 1587 811 1682 Capitur
844 1590 987 1659 intentus
1010 1591 1047 1659 itt
1070 1591 1175 1661 altero
1200 1605 1360 1674 aucupe,

343 1683 449 1771 altero
466 1685 720 1766 circumeunte,
735 1703 773 1758 ut
786 1687 920 1764 nubiua.
955 1685 1079 1758 Caelius
1090 1682 1246 1777 Rhodlg.
1258 1682 1358 1773 liba.

276 1863 279 1868 ,
343 1803 486 1879 popm.
513 1781 556 1861 ab
587 1783 742 1860 auribus,
766 1783 896 1876 inquit,
920 1805 995 1875 quae
1016 1781 1126 1878 graece
1154 1773 1209 1855 ai&
1232 1781 1358 1850 dicun-.-

342 1893 422 1962 tur,
460 1882 645 1959 corrivatur
670 1885 790 1954 Otus:
827 1880 933 1955 veluti
957 1881 1082 1952 auritus
1107 1880 1255 1962 dicatur,
1279 1877 1357 1968 pitt-

341 1975 431 2052 nulis
458 1978 545 2051 eirca
573 1981 669 2058 aures
703 1975 983 2072 prominentibus.
1033 1975 1168 2048 Ululam
1201 1973 1354 2046 nonnulli

340 2074 616 2166 interpretantur,
640 2076 693 2147 alil
718 2073 876 2148 ostonem.
916 2074 1045 2145 Scitum
1071 2072 1140 2156 est,
1163 2075 1254 2167 quod
1273 2070 1355 2142 scri-

339 2167 390 2250 bit
414 2173 523 2256 AElius
545 2170 739 2268 Dionplius.
783 2174 869 2252 Avis
892 2169 987 2255 hac,
1005 2171 1130 2262 iuquit,
1148 2172 1296 2250 laudata,
1310 2167 1354 2244 (lc

339 2265 456 2350 saltans
466 2270 623 2361 ,capitum
643 2269 747 2348 veluti
770 2267 991 2364 Nytticorax.
1026 2269 1133 2345 'Unde
1156 2272 1247 2342 Otos
1268 2267 1355 2338 item

338 2363 508 2447 dicimus,
533 2365 590 2458 qui
615 2364 708 2440 nullo
734 2366 876 2461 negotio
900 2363 1132 2455 decipiuntur,
1152 2385 1209 2440 aut
1231 2364 1352 2461 glotiae

337 2464 516 2553 vanitatem
531 2459 740 2547 affuimus,
755 2462 790 2534 id
807 2461 874 2546 ell,
887 2464 1043 2551 proelias.
1083 2466 1258 2539 Habieuus
1272 2466 1353 2540 Cae·

337 2556 412 2642 lius.
452 2560 578 2636 Plinius
609 2562 665 2633 lib.
687 2584 744 2639 10.
770 2581 842 2657 top.
863 2583 921 2656 23.
936 2553 947 2581 ²
965 2563 1042 2635 Oris
1070 2562 1209 2635 bubone
1238 2565 1352 2634 minor

337 2654 408 2742 est,
434 2657 566 2740 nobluis
594 2660 724 2754 major,
741 2674 743 2685 '
759 2656 895 2732 auribus
929 2658 1074 2754 plumeis
1103 2660 1354 2739 eminentibus,

336 2755 429 2835 undo
454 2752 492 2837 ὅ(
516 2778 643 2833 nomen
669 2757 728 2839 illi,
770 2758 924 2849 Quidam
955 2756 1066 2828 Latini
1093 2755 1253 2828 Astonem
1281 2783 1353 2829 vo·

335 2867 430 2933 eantt
456 2852 613 2938 imitatrix
637 2852 715 2935 aliis
738 2852 808 2927 avis
830 2878 869 2931 ac
893 2851 1099 2947 paralita‚&
1116 2854 1261 2945 quodam
1284 2878 1355 2950 ge·

337 2968 419 3031 nere
440 2948 594 3021 saltatrix.
636 2950 778 3040 Capitur
798 2949 889 3022 haud
909 2946 1107 3031 difficulter,
1133 2966 1170 3020 ut
1189 2950 1354 3034 nubium

338 3041 464 3127 intenta
479 3044 514 3123 in
534 3041 646 3132 aliquo
669 3047 897 3120 circumeunte
918 3044 996 3120 alio.
1020 3044 1111 3117 Otus
1131 3043 1266 3139 hispani:
1277 3074 1353 3128 ,vn-

334 3154 429 3225 patut
451 3141 628 3225 motlttttlo.
669 3143 748 3217 Oris
771 3139 904 3232 hispani
921 3142 1034 3237 paida.
1060 3143 1214 3239 quamvis
1241 3146 1351 3219 inter·

335 3237 420 3321 dum
445 3239 518 3315 haec
544 3240 680 3315 uomina
701 3238 959 3312 confundantur.

383 3340 559 3437 Maneipat
582 3339 721 3439 optus.)
752 3338 951 3433 Montipott
982 3334 1128 3413 verbum
1160 3337 1207 3421 ell
1237 3340 1348 3427 lutis·-

305 3440 309 3453 '
334 3432 588 3528 stultltotuutt
614 3433 797 3551 figsslfissfllt
820 3455 1055 3540 mutuose·
