3175 4825
348 403 426 480 224
556 383 854 460 Contrane.
893 403 950 457 nr
978 385 1153 460 Aaron:

451 509 506 580 Oc
540 505 706 580 emblema
736 531 804 578 non
834 532 951 602 patum
974 508 1105 603 negotii
1134 507 1215 582 solet
1244 498 1351 580 faces·

468 604 536 675 sere
561 604 743 698 aliquibus,
761 606 945 696 pracsertim
966 609 1001 679 in
1023 625 1175 679 extremo
1194 605 1351 676 disticho:

350 705 443 800 quod
466 699 565 795 quim
592 697 699 808 pravi·
718 699 814 776 timul
838 705 875 778 dc
898 705 1054 797 nequiter
1077 706 1354 796 interpretentur,

346 825 426 890 nem¹
448 795 572 890 pollent
594 797 661 870 stne
685 800 817 890 pudore
847 800 996 874 scribere.
1041 801 1244 896 Nosigitur
1267 823 1354 892 pau-

350 900 442 972 latim
467 895 594 992 lingula
624 919 864 988 percurramus.
914 899 966 971 Ac
991 893 1101 990 ptimd
1134 917 1244 972 totum
1267 897 1381 987 Epi-·

350 1017 502 1088 gramma
526 991 568 1064 ed
594 993 729 1070 tendit,
754 1012 791 1067 ut
815 993 935 1087 probet
961 999 1158 1077 Amorem,
1188 1019 1256 1066 nou
1287 991 1354 1066 elle
1404 1046 1417 1093 ·,

350 1089 492 1174 Deum,
514 1115 575 1162 nec
602 1089 709 1172 aliud,
736 1090 832 1183 cujus
856 1091 999 1184 exprimi
1020 1093 1128 1166 forma
1151 1111 1258 1185 queat.
1291 1093 1353 1161 Id·
1415 1104 1416 1171 ᾗ

350 1191 418 1284 ‘que
434 1212 572 1283 argume
597 1186 637 1258 tit
657 1181 831 1260 confirmat
845 1191 1017 1271 ridiculis,
1032 1191 1068 1264 ἃ
1085 1189 1164 1261 nihil
1183 1186 1356 1281 probanti·
1415 1174 1416 1229 l

257 1313 263 1328 ‘
349 1289 427 1361 bus.
466 1287 558 1358 Nam
575 1213 769 1379 iniquitas
785 1310 853 1357 non
870 1288 1010 1358 credidir
1029 1285 1093 1358 elle
1110 1289 1226 1358 Deum
1244 1289 1354 1356 Amo·

295 1451 296 1460 ,
350 1411 453 1462 rem:
481 1382 616 1473 optimis
653 1401 764 1480 tamen
799 1384 1050 1460 rationibus&
1082 1384 1287 1480 argumentis
1319 1384 1356 1453 id
1415 1430 1417 1437 ›

284 1512 287 1518 ·
351 1506 454 1556 omne
480 1481 570 1570 quod
594 1476 713 1574 finxit,
734 1480 985 1572 comprobavit,
1009 1479 1203 1575 &exejus
1225 1477 1356 1552 effedli·
1415 1502 1417 1537 t

350 1581 414 1653 bus
438 1572 660 1669 pulcherrimi
681 1577 773 1651 illum
799 1578 918 1668 pinxit.
993 1605 999 1614 ⁸
1415 1596 1417 1632 ῑ

399 1675 494 1768 Quid
509 1671 554 1767 fit
575 1678 720 1770 Amor.)
743 1675 849 1748 Multi
872 1677 951 1748 crlm
978 1674 1121 1762 Greci,
1144 1694 1216 1749 tum
1241 1674 1355 1746 Latini
1415 1708 1417 1711 ·

351 1776 461 1868 po'c'tae
483 1774 692 1852 cecinerunt,
712 1772 792 1866 quid
816 1769 855 1842 lit
883 1775 1016 1852 Amor,
1040 1797 1124 1866 quos
1145 1771 1222 1845 ellet
1241 1767 1357 1863 super-

352 1892 535 1959 vacaneum
557 1865 623 1938 hirc
642 1869 816 1943 adducere.
861 1869 956 1944 Unus
971 1888 1081 1941 tamen
1104 1867 1297 1963 Propertius
1314 1865 1354 1938 sn
1415 1870 1417 1935 ζ

305 1981 309 1990 ’
352 1968 448 2042 inllar
471 1965 646 2047 omnium,
669 1968 726 2058 qui
749 1964 791 2036 fic
820 1967 875 2037 lib.
889 1990 922 2043 2.
949 1965 1099 2040 describit
1116 1969 1301 2045 Amorem,
1414 1972 1417 2033 ζ

398 2065 594 2158 Quicunque
618 2063 674 2133 ille
693 2061 765 2154 fuit
787 2082 920 2158 puerum
942 2065 997 2160 qui
1019 2065 1129 2162 pinxit
1148 2070 1329 2144 Amorem,
1415 2063 1417 2132 :

359 2249 360 2252 Ἴ
448 2164 567 2234 Nonne
584 2178 699 2253 putas,
726 2160 825 2232 miras
848 2161 931 2233 lrunc
952 2161 1094 2257 labuiffe
1112 2159 1249 2234 manus?

400 2261 470 2334 Hic
492 2255 628 2354 primum
652 2256 737 2328 uidit
747 2255 928 2352 fiue'sensu
953 2259 1064 2331 vivere
1088 2279 1254 2340 amanter,

448 2357 492 2425 Er
519 2353 644 2445 levibus
669 2356 754 2425 curis
774 2375 892 2450 magno
910 2357 1018 2453 perire
1041 2357 1132 2429 bona.

400 2454 491 2529 Idem
516 2474 579 2522 non
597 2447 724 2544 frustra
751 2452 897 2537 ventosas
920 2456 1049 2527 addidit
1074 2457 1166 2535 olor,

321 2606 327 2617 .
447 2547 534 2623 Fecit
560 2546 601 2620 (7⁵
629 2548 767 2619 humano
791 2551 889 2621 corde
912 2551 1025 2623 volare
1048 2552 1165 2623 Deum.
1269 2629 1271 2634 ,

399 2648 532 2726 Scilicet
557 2646 683 2717 alterno
706 2647 854 2741 quoniam
869 2646 1030 2740 judicemur
1053 2651 1088 2719 in
1107 2650 1225 2719 undo:

451 2740 628 2839 Nostraque
652 2768 716 2814 non
734 2743 813 2814 ullis
833 2764 997 2836 permonet
1018 2771 1099 2818 outo
1122 2746 1213 2816 locis.
1269 2781 1275 2810 ι.

400 2844 444 2916 Et
466 2836 578 2915 meriti
604 2842 739 2913 humatis
763 2865 876 2912 munus
899 2836 942 2935 cst
965 2865 1091 2913 armata
1103 2840 1283 2939 sagittis,-

451 2942 495 3011 Et
512 2939 665 3033 pharetro
685 2961 726 3005 erc
753 2938 882 3014 humero
907 2936 1025 3031 Gnosia
1050 2963 1185 3035 utroque
1200 2941 1302 3031 jacet.

236 3092 238 3103 .
366 3080 367 3087 κ
401 3034 494 3111 Anti
509 3034 614 3127 ferit:
639 3034 787 3127 quoniam
811 3036 874 3105 tuti
895 3032 988 3129 qudm
1012 3038 1169 3108 cemimus
1191 3034 1332 3129 hostem,

303 3124 305 3132 Α
450 3137 525 3208 Nec
545 3131 707 3227 qnisquam
728 3156 769 3201 ex
794 3131 851 3200 illo
869 3131 1004 3203 vulnere
1020 3133 1124 3221 sortus
1142 3134 1219 3205 adit.

381 3246 383 3257 '
402 3234 477 3309 Heu
496 3254 627 3301 curvum
646 3251 766 3321 gertus,
783 3225 824 3301 (εἴ
839 3230 907 3298 veri
932 3234 1031 3303 corda
1050 3232 1169 3320 inscia:
1192 3226 1253 3327 pud
1270 3232 1347 3325 jus¹

449 3324 592 3425 Fa‘squei
609 3323 716 3414 scelus
741 3322 845 3407 miseri
857 3367 870 3402 ‚
882 3323 914 3419 fi
927 3326 1051 3413 scelere
1073 3328 1241 3400 abluimur.
1302 3383 1307 3392 .

307 3498 310 3503 .
353 3427 543 3503 Phornutus
568 3423 602 3493 in
628 3420 684 3493 tit.
708 3424 748 3494 tle
770 3424 878 3493 Nutu.
908 3426 1051 3499 Deorum
1072 3425 1115 3495 fic
1141 3426 1290 3514 loquitur
1311 3430 1360 3498 de

354 3524 545 3619 Cupidine,
572 3522 663 3593 Puer
682 3515 745 3588 elle
764 3518 921 3613 fingitur,
938 3520 1028 3613 qudd
1048 3519 1143 3614 plan'e
1165 3541 1281 3591 mente
1297 3548 1359 3595 ea-

280 3646 282 3653 ’
353 3638 468 3704 ream,
493 3610 750 3710 deceptionlque
775 3616 912 3689 obnoxii
934 3618 1012 3699 smt,
1037 3622 1093 3712 qui
1113 3614 1236 3692 arctant.⁴
1271 3619 1358 3693 Ata-

354 3737 408 3793 tus
434 3718 510 3801 eil,
541 3716 698 3809 quoniam
730 3713 928 3809 plerumque
949 3716 1048 3787 cadis
1077 3715 1123 3789 eil
1150 3735 1270 3789 autor:
1295 3718 1358 3790 v'el

354 3814 448 3911 qudd
473 3833 627 3906 tanquam
651 3810 718 3885 avis
738 3813 772 3883 in
793 3812 968 3885 hominum
987 3828 1116 3886 mentes
1136 3814 1266 3885 involet
1287 3817 1357 3885 im-

354 3909 504 4009 petuose.
545 3910 686 4005 Sagittae
708 3927 820 3981 tenere
847 3908 1009 4003 fingitur:
1035 3910 1111 4001 quia
1131 3912 1189 4003 qui
1209 3910 1373 4003 ejusdam

354 4010 459 4109 gittisv
476 4006 686 4089 vulnerantur
700 4046 723 4087 ,v
744 4030 813 4083 non
844 4007 937 4081 secus
970 4031 1008 4081 ac
1034 4032 1073 4080 te
1096 4030 1176 4088 vera
1207 4010 1356 4176 perlcuffi

1213 4108 1257 4181 do
1272 4125 1354 4181 ent:
